@book{qualitateiveresearch2012,
    title = {{Qualitative research methods for the social sciences}},
    year = {2012},
    author = {Berg, Bruce L (Bruce Lawrence) and Lune Howard, 1962- Author},
    edition = {Eighth edi},
    publisher = {Boston Pearson},
    isbn = {9780205809387}
}

@inproceedings{resatool,
    title = {{ReSA Tool: Structured requirements specification and SAT-based consistency-checking}},
    year = {2016},
    booktitle = {2016 Federated Conference on Computer Science and Information Systems (FedCSIS)},
    author = {Mahmud, N and Seceleanu, C and Ljungkrantz, O},
    month = {9},
    pages = {1737--1746},
    keywords = {Automotive engineering, Boolean expressions, EAST-ADL, Embedded systems, Grammar, Natural languages, ReSA language, ReSA toolchain, SAT-based consistency-checking, Syntactics, Vehicles, Z3 SMT solver, abstraction-specific concepts, adjustable speed limiter, architectural languages, computability, early-stage model-based incremental system develop, formal verification, full formal verification, granularity requirements specifications, industrial embedded systems, industrial vehicle speed control system, natural language, specification languages, structured requirements specification, temporal logic, temporal logic formalization}
}

@article{vroom2005expectancy,
    title = {{Expectancy theories}},
    year = {2005},
    journal = {Organizational behavior},
    author = {Vroom, VICTOR and Porter, LYMAN and Lawler, Edward},
    pages = {94--113},
    volume = {1},
    publisher = {Gremese Editore}
}

@article{mubeen2013support,
    title = {{Support for End-to-end Response-time and Delay Analysis in the Industrial Tool Suite: Issues, Experiences and A Case Study}},
    year = {2013},
    journal = {Computer Science and Information Systems},
    author = {Mubeen, Saad and M{\"{a}}ki-Turja, Jukka and Sj{\"{o}}din, Mikael},
    number = {1},
    pages = {453--482},
    volume = {10}
}

@book{softwarecomponents,
    title = {{What are Software Components?}},
    year = {2017},
    booktitle = {An Introduction to Component-Based Software Development},
    author = {Kung-Kiu Lau, Simone di Cola},
    chapter = {Chapter 2},
    pages = {15--19},
    publisher = {World Scientific Publishing Company (June 29, 2017)},
    url = {https://www.worldscientific.com/doi/abs/10.1142/9789813221888_0002},
    isbn = {9813221879},
    doi = {10.1142/9789813221888{\_}0002}
}

@incollection{ychart_Kienhuis2002,
    title = {{A Methodology to Design Programmable Embedded Systems}},
    year = {2002},
    booktitle = {Embedded Processor Design Challenges: Systems, Architectures, Modeling, and Simulation --- SAMOS},
    author = {Kienhuis, Bart and Deprettere, Ed F and van der Wolf, Pieter and Vissers, Kees},
    pages = {18--37},
    publisher = {Springer Berlin Heidelberg},
    address = {Berlin, Heidelberg},
    isbn = {978-3-540-45874-6},
    doi = {10.1007/3-540-45874-3{\_}2}
}

@inproceedings{faragardi2013optimal,
    title = {{Optimal Task Allocation for Maximizing Reliability in Distributed Real-time Systems}},
    year = {2013},
    booktitle = {Computer and Information Science (ICIS), 2013 IEEE/ACIS 12th International Conference On},
    author = {Faragardi, Hamid Reza and Shojaee, Reza and Keshtkar, Mohammad Amin and Tabani, Hamid},
    pages = {513--519},
    organization = {IEEE}
}

@article{bambagini2016energy,
    title = {{Energy-aware Scheduling for Real-time Systems: A survey}},
    year = {2016},
    journal = {ACM Transactions on Embedded Computing Systems (TECS)},
    author = {Bambagini, Mario and Marinoni, Mauro and Aydin, Hakan and Buttazzo, Giorgio},
    number = {1},
    pages = {7},
    volume = {15},
    publisher = {ACM}
}

@article{wang2015dynamic,
    title = {{Dynamic Low-power Reconfiguration of Real-time Systems with Periodic and Probabilistic Tasks}},
    year = {2015},
    journal = {IEEE Transactions on Automation Science and Engineering},
    author = {Wang, Xi and Khemaissia, Imen and Khalgui, Mohamed and Li, ZhiWu and Mosbahi, Olfa and Zhou, MengChu},
    number = {1},
    pages = {258--271},
    volume = {12},
    publisher = {IEEE}
}

@article{ghor2011real,
    title = {{A Real-time Scheduling Framework for Embedded Systems with Environmental Energy Harvesting}},
    year = {2011},
    journal = {Computers {\&} Electrical Engineering},
    author = {Ghor, Hussein E L and Chetto, Maryline and Chehade, Rafic Hage},
    number = {4},
    pages = {498--510},
    volume = {37},
    publisher = {Elsevier}
}

@article{devadas2012interplay,
    title = {{On the Interplay of Voltage/Frequency Scaling and Device Power Management for Frame-based Real-time Embedded Applications}},
    year = {2012},
    journal = {IEEE Transactions on Computers},
    author = {Devadas, Vinay and Aydin, Hakan},
    number = {1},
    pages = {31--44},
    volume = {61},
    publisher = {IEEE}
}

@inproceedings{wang2004component,
    title = {{Component Allocation with Multiple Resource Constraints for Large Embedded Real-time Software Design}},
    year = {2004},
    booktitle = {Real-Time and Embedded Technology and Applications Symposium, 2004. Proceedings. RTAS 2004. 10th IEEE},
    author = {Wang, Shige and Merrick, Jeffrey R and Shin, Kang G},
    pages = {219--226},
    organization = {IEEE}
}

@inproceedings{islam2006dependability,
    title = {{Dependability Driven Integration of Mixed Criticality SW Components}},
    year = {2006},
    booktitle = {Object and Component-Oriented Real-Time Distributed Computing, 2006. ISORC 2006. Ninth IEEE International Symposium on},
    author = {Islam, Shariful and Lindstrom, Robert and Suri, Neeraj},
    pages = {11--pp},
    organization = {IEEE}
}

@inproceedings{assayad2004bi,
    title = {{A Bi-criteria Scheduling Heuristic for Distributed Embedded Systems under Reliability and Real-time Constraints}},
    year = {2004},
    booktitle = {Dependable Systems and Networks, 2004 International Conference on},
    author = {Assayad, Ismail and Girault, Alain and Kalla, Hamoudi},
    pages = {347--356},
    organization = {IEEE}
}

@article{kartik1997task,
    title = {{Task Allocation Algorithms for Maximizing Reliability of Distributed Computing Systems}},
    year = {1997},
    journal = {IEEE Transactions on computers},
    author = {Kartik, S and Murthy, C Siva Ram},
    number = {6},
    pages = {719--724},
    volume = {46},
    publisher = {IEEE}
}

@article{zhang2015maximizing,
    title = {{Maximizing Reliability with Energy Conservation for Parallel Task Scheduling in a Heterogeneous Cluster}},
    year = {2015},
    journal = {Information Sciences},
    author = {Zhang, Longxin and Li, Kenli and Xu, Yuming and Mei, Jing and Zhang, Fan and Li, Keqin},
    pages = {113--131},
    volume = {319},
    publisher = {Elsevier}
}

@article{shatz1992task,
    title = {{Task Allocation for Maximizing Reliability of Distributed Computer Systems}},
    year = {1992},
    journal = {IEEE Transactions on Computers},
    author = {Shatz, Sol M and Wang, J-P and Goto, Masanori},
    number = {9},
    pages = {1156--1168},
    volume = {41},
    publisher = {IEEE}
}

@article{dai2003study,
    title = {{A Study of Service Reliability and Availability for Distributed Systems}},
    year = {2003},
    journal = {Reliability Engineering {\&} System Safety},
    author = {Dai, Yuan-Shun and Xie, Min and Poh, Kim-Leng and Liu, G Q},
    number = {1},
    pages = {103--112},
    volume = {79},
    publisher = {Elsevier}
}

@article{yin2007task,
    title = {{Task Allocation for Maximizing Reliability of a Distributed System using Hybrid Particle Swarm Optimization}},
    year = {2007},
    journal = {Journal of Systems and Software},
    author = {Yin, Peng-Yeng and Yu, Shiuh-Sheng and Wang, Pei-Pei and Wang, Yi-Te},
    number = {5},
    pages = {724--735},
    volume = {80},
    publisher = {Elsevier}
}

@inproceedings{faragardi2013analytical,
    title = {{An Analytical Model to Evaluate Reliability of Cloud Computing Systems in the Presence of QoS Requirements}},
    year = {2013},
    booktitle = {Computer and Information Science (ICIS), 2013 IEEE/ACIS 12th International Conference On},
    author = {Faragardi, Hamid Reza and Shojaee, Reza and Tabani, Hamid and Rajabi, Aboozar},
    pages = {315--321},
    organization = {IEEE}
}

@techreport{kim2011autosar,
    title = {{An Autosar-compliant Automotive Platform for Mmeeting Reliability and Timing Constraints}},
    year = {2011},
    author = {Kim, Junsung and Bhatia, Gaurav and Rajkumar, Ragunathan Raj and Jochim, Markus},
    institution = {SAE Technical Paper}
}

@article{vsvogor2014extended,
    title = {{An Extended Model for Multi-Criteria Software Component Allocation on a Heterogeneous Embedded Platform}},
    year = {2014},
    journal = {Journal of computing and information technology},
    author = {{\v{S}}vogor, Ivan and Crnkovic, Ivica and Vrcek, Neven},
    number = {4},
    pages = {211--222},
    volume = {21},
    publisher = {SRCE-Sveu{\v{c}}ili{\v{s}}ni ra{\v{c}}unski centar}
}

@inproceedings{faragardi2013towards,
    title = {{Towards Energy-aware Resource Scheduling to Maximize Reliability in Cloud Computing Systems}},
    year = {2013},
    booktitle = {High Performance Computing and Communications {\&} 2013 IEEE International Conference on Embedded and Ubiquitous Computing (HPCC{\_}EUC), 2013 IEEE 10th International Conference on},
    author = {Faragardi, Hamid Reza and Rajabi, Aboozar and Shojaee, Reza and Nolte, Thomas},
    pages = {1469--1479},
    organization = {IEEE}
}

@book{Denzin2005TheResearch,
    title = {{The SAGE Handbook of Qualitative Research}},
    year = {2005},
    booktitle = {The SAGE Handbook},
    author = {Denzin, Norman K. and Lincoln, Yvonna S.},
    pages = {784},
    url = {http://www.amazon.co.uk/SAGE-Handbook-Qualitative-Research/dp/1412974178},
    isbn = {0761927573},
    doi = {10.1017/CBO9781107415324.004},
    issn = {1098-6596},
    pmid = {25246403},
    arxivId = {arXiv:1011.1669v3}
}

@article{Denzin2000TheResearch,
    title = {{The Sage handbook of qualitative research}},
    year = {2000},
    journal = {(2nd ed), Thousand Oaks: Sage Publication Inc.},
    author = {Denzin, Norman K. and Lincoln, Yvonna S.},
    pages = {968},
    isbn = {9781483349800}
}

@article{Sjberg2007TheResearch,
    title = {{The Future of Empirical Methods in Software Engineering Research}},
    year = {2007},
    journal = {Future of Software Engineering FOSE 07},
    author = {Sj{\o}berg, Dag I K and Dyb{\aa}, Tore and J{\o}rgensen, Magne},
    number = {1325},
    month = {5},
    pages = {358--378},
    publisher = {IEEE},
    url = {http://ieeexplore.ieee.org/document/4221632/ http://dx.doi.org/10.1109/FOSE.2007.30},
    isbn = {0769528295},
    doi = {10.1109/FOSE.2007.30},
    issn = {00985589}
}

@incollection{Mahmud2017SpecificationLogic,
    title = {{Specification and Semantic Analysis of Embedded Systems Requirements: From Description Logic to Temporal Logic}},
    year = {2017},
    author = {Mahmud, Nesredin and Seceleanu, Cristina and Ljungkrantz, Oscar},
    month = {9},
    pages = {332--348},
    publisher = {Springer, Cham},
    url = {http://link.springer.com/10.1007/978-3-319-66197-1_21},
    doi = {10.1007/978-3-319-66197-1{\_}21}
}

@book{Ganzha2016ProceedingsPoland,
    title = {{Proceedings of the 2016 Federated Conference on Computer Science and Information Systems : September 11-14, 2016. Gdańsk, Poland}},
    year = {2016},
    author = {Ganzha, M. (Maria) and Maciaszek, Leszek and Paprzycki, Marcin and {Polish Information Processing Society} and {Institute of Electrical and Electronics Engineers} and {Polish Information Processing Society. Mazovia Chapter} and {Institute of Electrical and Electronics Engineers. Region 8.} and {IEEE Poland Section.} and {IEEE Computational Intelligence Society. Poland Chapter.}},
    isbn = {9788360810903}
}

@inproceedings{Mahmud2015ReSA:Systems,
    title = {{ReSA: An ontology-based requirement specification language tailored to automotive systems}},
    year = {2015},
    booktitle = {2015 10th IEEE International Symposium on Industrial Embedded Systems, SIES 2015 - Proceedings},
    author = {Mahmud, Nesredin and Seceleanu, Cristina and Ljungkrantz, Oscar},
    pages = {1--10},
    isbn = {9781467377119},
    doi = {10.1109/SIES.2015.7185035},
    issn = {2150-3109},
    keywords = {Automotive engineering, Grammar, Natural languages, Ontologies, Semantics, Syntactics, Vehicles}
}

@incollection{Mahmud2017SpecificationLogicb,
    title = {{Specification and Semantic Analysis of Embedded Systems Requirements: From Description Logic to Temporal Logic}},
    year = {2017},
    author = {Mahmud, Nesredin and Seceleanu, Cristina and Ljungkrantz, Oscar},
    editor = {Cimatti, Alessandro and and Sirjani, Marjan},
    pages = {332--348},
    publisher = {Springer International Publishing},
    url = {http://link.springer.com/10.1007/978-3-319-66197-1_21},
    isbn = {978-3-319-66197-1},
    doi = {10.1007/978-3-319-66197-1{\_}21}
}

@article{Malik2009BooleanSuccess,
    title = {{Boolean satisfiability from theoretical hardness to practical success}},
    year = {2009},
    journal = {Communications of the ACM},
    author = {Malik, Sharad and Zhang, Lintao},
    number = {8},
    pages = {76},
    volume = {52},
    doi = {10.1145/1536616.1536637},
    issn = {00010782}
}

@article{Biere2009HandbookSatisfiability,
    title = {{Handbook of Satisfiability}},
    year = {2009},
    journal = {New York},
    author = {Biere, Armin and Heule, Marijn and Maaren, Hans van and Walsh, Toby},
    number = {3},
    pages = {980},
    volume = {185},
    isbn = {978-1-58603-929-5},
    doi = {10.3233/978-1-58603-929-5-457},
    issn = {09226389},
    pmid = {15003161},
    arxivId = {arXiv:1011.1669v3}
}

@article{Davis1989PerceivedTechnology,
    title = {{Perceived Usefulness, Perceived Ease of Use, and User Acceptance of Information Technology}},
    year = {1989},
    journal = {Management Information Systems Quarterly},
    author = {Davis, Fred D},
    number = {3},
    pages = {319--340},
    volume = {13},
    url = {http://www.jstor.org/stable/249008},
    isbn = {0276-7783},
    doi = {10.2307/249008},
    issn = {02767783},
    pmid = {4679168}
}

@article{Surendran2012TechnologyLiterature,
    title = {{Technology Acceptance Model : A Survey of Literature}},
    year = {2012},
    journal = {International Journal of Business and Social Research},
    author = {Surendran, Priyanka},
    number = {4},
    pages = {175--178},
    volume = {2},
    isbn = {2164-2559},
    doi = {http://dx.doi.org/10.18533/ijbsr.v2i4.161},
    issn = {18242454},
    keywords = {attitude, perceived ease of use, perceived usefulness, technology acceptance model}
}

@incollection{Mohagheghi2008EvaluatingPromises,
    title = {{Evaluating Software Development Methodologies Based on their Practices and Promises}},
    year = {2008},
    booktitle = {New Trends in Software Methodologies, Tools and Techniques},
    author = {Mohagheghi, Parastoo},
    pages = {14--35},
    volume = {182},
    isbn = {1586039164},
    doi = {10.3233/978-1-58603-916-5-14}
}

@book{Tucker2004ComputerHandbook,
    title = {{Computer science handbook}},
    year = {2004},
    author = {Tucker, Allen B.},
    editor = {Tucker, Allen B.},
    edition = {2},
    publisher = {Chapman {\&} Hall/CRC},
    isbn = {158488360X}
}

@misc{Shih2004ExtendedBehavior,
    title = {{Extended technology acceptance model of Internet utilization behavior}},
    year = {2004},
    booktitle = {Information and Management},
    author = {Shih, Hung Pin},
    number = {6},
    pages = {719--729},
    volume = {41},
    url = {www.sciencedirect.com/science/article/pii/S0378720603001216},
    isbn = {0378-7206},
    doi = {10.1016/j.im.2003.08.009},
    issn = {03787206},
    keywords = {Belief-attitude-performance chain, Information use behavior, Internet, Intranet, Technology acceptance model (TAM)}
}

@inproceedings{Dyba2004AnGuides,
    title = {{An empirical investigation on factors affecting software developer acceptance and utilization of electronic process guides}},
    year = {2004},
    booktitle = {Proceedings - International Software Metrics Symposium},
    author = {Dyb{\aa}, Tore and Moe, Nils B. and Mikkelsen, Edda M.},
    pages = {220--231},
    isbn = {0769521290},
    doi = {10.1109/METRIC.2004.1357905},
    issn = {15301435}
}

@article{Kuhn2014ALanguages,
    title = {{A Survey and Classification of Controlled Natural Languages}},
    year = {2014},
    journal = {Computational Linguistics},
    author = {Kuhn, Tobias},
    number = {1},
    month = {3},
    pages = {121--170},
    volume = {40},
    publisher = {MIT Press55 Hayward Street, Cambridge, MA 02142-1315USAjournals-info@mit.edu},
    url = {http://www.mitpressjournals.org/doi/10.1162/COLI_a_00168},
    doi = {10.1162/COLI{\_}a{\_}00168},
    issn = {0891-2017}
}

@article{MacDonald1994TheResolution.,
    title = {{The lexical nature of syntactic ambiguity resolution.}},
    year = {1994},
    journal = {Psychological Review},
    author = {MacDonald, Maryellen C. and Pearlmutter, Neal J. and Seidenberg, Mark S.},
    number = {4},
    pages = {676--703},
    volume = {101},
    url = {http://doi.apa.org/getdoi.cfm?doi=10.1037/0033-295X.101.4.676},
    doi = {10.1037/0033-295X.101.4.676},
    issn = {1939-1471}
}

@misc{Lavrakas2008EncyclopediaMethods,
    title = {{Encyclopedia of survey research methods}},
    year = {2008},
    booktitle = {SAGE Publications Ltd},
    author = {Lavrakas, P. J.},
    isbn = {978-1-4129-1808-4},
    doi = {10.4135/9781412963947},
    issn = {19333153},
    pmid = {305522151}
}

@article{Schuler2005VerbNet:Lexicon,
    title = {{VerbNet: A Broad-Coverage, Comprehensive Verb Lexicon}},
    year = {2005},
    journal = {Dissertation Abstracts International, B: Sciences and Engineering},
    author = {Schuler, Karin Kipper},
    number = {6},
    volume = {66},
    isbn = {0-542-20049-X},
    doi = {10.1016/B978-012397720-5.50034-7},
    issn = {04194217},
    pmid = {12391568},
    arxivId = {arXiv:1011.1669v3}
}

@book{Birolini2017ReliabilityPractice,
    title = {{Reliability Engineering: Theory and Practice}},
    year = {2017},
    author = {Birolini, Alessandro},
    publisher = {Springer},
    url = {http://dx.doi.org/10.1007/978-3-662-05409-3},
    isbn = {978-3-662-05409-3},
    doi = {10.1007/978-3-662-05409-3}
}

@article{ZhangACenters,
    title = {{A High-level Energy Consumption Model for Heterogeneous Data Centers}},
    journal = {Elsevier},
    author = {Zhang, X and Lu, JJ and Qin, X and Theory, XN Zhao - Simulation Modelling Practice and and 2013, Undefined}
}

@article{Fan2007PowerComputer,
    title = {{Power Provisioning for a Warehouse-sized Computer}},
    year = {2007},
    journal = {ACM SIGARCH Computer Architecture News},
    author = {Fan, Xiaobo and Weber, Wolf-Dietrich and Barroso, Luiz Andre},
    number = {2},
    pages = {13},
    volume = {35},
    isbn = {9781595937063},
    doi = {10.1145/1273440.1250665},
    issn = {01635964},
    pmid = {25246403},
    arxivId = {arXiv:1006.1401v2}
}

@inproceedings{Bircher2007CompleteEvents,
    title = {{Complete system power estimation: A trickle-down approach based on performance events}},
    year = {2007},
    booktitle = {ISPASS 2007: IEEE International Symposium on Performance Analysis of Systems and Software},
    author = {Bircher, W. Lloyd and John, Lizy K.},
    pages = {158--168},
    isbn = {1424410819},
    doi = {10.1109/ISPASS.2007.363746}
}

@inproceedings{Pedram2010PowerSystem,
    title = {{Power and performance modeling in a virtualized server system}},
    year = {2010},
    booktitle = {Proceedings of the International Conference on Parallel Processing Workshops},
    author = {Pedram, Massoud and Hwang, Inkwon},
    pages = {520--526},
    isbn = {9780769541570},
    doi = {10.1109/ICPPW.2010.76},
    issn = {15302016},
    keywords = {Consolidation, Energy efficiency, Modeling, Resource sharing, Scheduling, Virtulization}
}

@article{Merkel2006BalancingSystems,
    title = {{Balancing power consumption in multiprocessor systems}},
    year = {2006},
    journal = {ACM SIGOPS Operating Systems Review},
    author = {Merkel, Andreas and Bellosa, Frank},
    number = {4},
    pages = {403},
    volume = {40},
    url = {http://portal.acm.org/citation.cfm?doid=1218063.1217974},
    isbn = {1595933220},
    doi = {10.1145/1218063.1217974},
    issn = {01635980}
}

@article{Economou2006Full-SystemEnvironments,
    title = {{Full-System Power Analysis and Modeling for Server Environments}},
    year = {2006},
    journal = {Workshop on Modeling, Benchmarking and Simulation (MoBS)},
    author = {Economou, Dimitris and Rivoire, Suzanne and Kozyrakis, Christos and Ranganathan, Partha},
    number = {3},
    pages = {807--812},
    url = {http://ieeexplore.ieee.org/xpls/abs_all.jsp?arnumber=5523620},
    isbn = {9781450300025},
    issn = {0738-100X},
    keywords = {gaussian mix-, power, regression, ture models, virtualization, workload characterization}
}

@inproceedings{Heath2005EnergyClusters,
    title = {{Energy Conservation in Heterogeneous Server Clusters}},
    year = {2005},
    booktitle = {Proceedings of the tenth ACM SIGPLAN symposium on Principles and practice of parallel programming - PPoPP '05},
    author = {Heath, Taliver and Diniz, Bruno and Carrera, Enrique V. and Jr., Wagner Meira and Bianchini, Ricardo},
    pages = {186},
    publisher = {ACM Press},
    address = {New York, New York, USA},
    isbn = {1595930809},
    doi = {10.1145/1065944.1065969},
    keywords = {energy conservation, heterogeneity, server clusters}
}

@inproceedings{IsciRuntimeData,
    title = {{Runtime power monitoring in high-end processors: methodology and empirical data}},
    booktitle = {22nd Digital Avionics Systems Conference. Proceedings (Cat. No.03CH37449)},
    author = {Isci, C. and Martonosi, M.},
    pages = {93--104},
    publisher = {IEEE Comput. Soc},
    isbn = {0-7695-2043-X},
    doi = {10.1109/MICRO.2003.1253186}
}

@inproceedings{Fan2007PowerComputerb,
    title = {{Power Provisioning for a Warehouse-sized Computer}},
    year = {2007},
    booktitle = {Proceedings of the 34th annual international symposium on Computer architecture - ISCA '07},
    author = {Fan, Xiaobo and Weber, Wolf-Dietrich and Barroso, Luiz Andre and Fan, Xiaobo and Weber, Wolf-Dietrich and Barroso, Luiz Andre},
    number = {2},
    pages = {13},
    volume = {35},
    publisher = {ACM Press},
    address = {New York, New York, USA},
    isbn = {9781595937063},
    doi = {10.1145/1250662.1250665},
    issn = {0163-5964},
    keywords = {energy efficiency, power modeling, power provisioning}
}

@inproceedings{Pedram2010PowerSystemb,
    title = {{Power and Performance Modeling in a Virtualized Server System}},
    year = {2010},
    booktitle = {2010 39th International Conference on Parallel Processing Workshops},
    author = {Pedram, Massoud and Hwang, Inkwon},
    month = {9},
    pages = {520--526},
    publisher = {IEEE},
    isbn = {978-1-4244-7918-4},
    doi = {10.1109/ICPPW.2010.76}
}

@inproceedings{Contreras2005PowerEvents,
    title = {{Power Prediction for Intel XScale/spl reg/ Processors using Performance Monitoring Unit Events}},
    year = {2005},
    booktitle = {ISLPED '05. Proceedings of the 2005 International Symposium on Low Power Electronics and Design, 2005.},
    author = {Contreras, G. and Martonosi, M.},
    pages = {221--226},
    publisher = {IEEE},
    isbn = {1-59593-137-6},
    doi = {10.1109/LPE.2005.195518}
}

@inproceedings{Bircher2007CompleteEventsb,
    title = {{Complete System Power Estimation: A Trickle-Down Approach Based on Performance Events}},
    year = {2007},
    booktitle = {2007 IEEE International Symposium on Performance Analysis of Systems {\&} Software},
    author = {Bircher, W. Lloyd and John, Lizy K.},
    month = {4},
    pages = {158--168},
    publisher = {IEEE},
    url = {http://ieeexplore.ieee.org/document/4211032/},
    isbn = {1-4244-1081-9},
    doi = {10.1109/ISPASS.2007.363746}
}

@article{Bircher2012CompleteEvents,
    title = {{Complete System Power Estimation Using Processor Performance Events}},
    year = {2012},
    journal = {IEEE Transactions on Computers},
    author = {Bircher, W. Lloyd and John, Lizy K.},
    number = {4},
    pages = {563--577},
    volume = {61},
    isbn = {2010030168},
    doi = {10.1109/TC.2011.47},
    issn = {00189340},
    keywords = {Energy-aware systems, evaluation, measurement, modeling, power management}
}

@article{Contreras2005PowerEventsb,
    title = {{Power Prediction for Intel XScale Processors using Performance Monitoring Unit Events}},
    year = {2005},
    journal = {ISLPED '05. Proceedings of the 2005 International Symposium on Low Power Electronics and Design, 2005.},
    author = {Contreras, G. and Martonosi, M.},
    pages = {221--226},
    isbn = {1-59593-137-6},
    doi = {10.1109/LPE.2005.195518},
    issn = {15334678},
    keywords = {CPU power consumption, Counting circuits, Dynamic voltage scaling, Energy consumption, Frequency estimation, Hardware, Intel PXA255 processor, Intel XScale{\textregistered} processor, Java, Java CDC programming, Java CLDC programming, Monitoring, Parameter estimation, Runtime, SPEC2000 programming, Testing, dynamic voltage/frequency scaling environment, embedded systems, hardware performance counter, linear power estimation model, memory power consumption, microprocessor chips, parameter estimation, parameter estimation technique, performance evaluation, performance monitoring unit event, power consumption, power estimation scheme, power prediction, power weight, power-aware embedded system, run-time CPU}
}

@article{NaumannAUTOSARBus,
    title = {{AUTOSAR Runtime Environment and Virtual Function Bus}},
    journal = {Hasso-Plattner-Institut, Tech. Rep},
    author = {Naumann, Nico},
    keywords = {AUTOSAR, Automotive Open System Architecture, Hard-ware Interaction 2 Nico Naumann, RTE, Runnables, Runtime Environ-ment, Stichworte, VFB, Virtual Function Bus}
}

@techreport{AUTOSAR2017Methodology,
    title = {{Methodology}},
    year = {2017},
    author = {{AUTOSAR}},
    pages = {520},
    url = {https://www.autosar.org/fileadmin/user_upload/standards/classic/4-3/AUTOSAR_TR_Methodology.pdf},
    institution = {AUTOSAR},
    keywords = {Release 4.3.1}
}

@techreport{AUTOSAR2017VirtualBus,
    title = {{Virtual Functional Bus}},
    year = {2017},
    author = {{AUTOSAR}},
    pages = {104},
    url = {https://www.autosar.org/fileadmin/user_upload/standards/classic/4-3/AUTOSAR_EXP_VFB.pdf},
    institution = {AUTOSAR},
    keywords = {4.3.1}
}

@techreport{AUTOSAR2017SoftwareTemplate,
    title = {{Software Component Template}},
    year = {2017},
    author = {{AUTOSAR}},
    pages = {1075},
    publisher = {AUTOSAR},
    url = {https://www.autosar.org/fileadmin/user_upload/standards/classic/4-3/AUTOSAR_TPS_SoftwareComponentTemplate.pdf},
    institution = {AUTOSAR},
    keywords = {4.3.1}
}

@book{IEEEComputerSocietyTechnicalCommitteeonReal-TimeSystems2008Real-TimeProceedings,
    title = {{Real-Time Systems Symposium, 2008 RTSS 2008 ; Nov. 30, 2008 - Dec. 3, 2008, Barcelona, Spain ; proceedings}},
    year = {2008},
    author = {{IEEE Computer Society Technical Committee on Real-Time Systems} and {IEEE Real-Time Systems Symposium 29 2008.11.30-12.03 Barcelona} and {RTSS 29 2008.11.30-12.03 Barcelona}},
    publisher = {IEEE},
    url = {http://www.diva-portal.org/smash/record.jsf?pid=diva2%3A1003533&dswid=496},
    isbn = {9781424436545}
}

@article{Iqbal2010ParMiBenchSystems,
    title = {{ParMiBench - An Open-source Benchmark for Embedded Multiprocessor Systems}},
    year = {2010},
    journal = {IEEE Computer Architecture Letters},
    author = {Iqbal, Syed Muhammad Zeeshan and Liang, Yuchen and Grahn, Håkan},
    number = {2},
    pages = {45--48},
    volume = {9},
    doi = {10.1109/L-CA.2010.14},
    issn = {15566056},
    keywords = {Concurrent Programming, Multiprocessor Systems, Performance Evaluation}
}

@misc{EMBC2018AutoBenchProcessors,
    title = {{AutoBench™ 2.0 - Performance Suite for Multicore Automotive Processors}},
    year = {2018},
    author = {{EMBC}},
    pages = {1},
    url = {https://www.eembc.org/index.php}
}

@inproceedings{Guthaus2001MiBench:Suite,
    title = {{MiBench: A Free, Commercially Representative Embedded Bbenchmark Suite}},
    year = {2001},
    booktitle = {2001 IEEE International Workshop on Workload Characterization, WWC 2001},
    author = {Guthaus, M. R. and Ringenberg, J. S. and Ernst, D. and Austin, T. M. and Mudge, T. and Brown, R. B.},
    pages = {3--14},
    isbn = {0780373154},
    doi = {10.1109/WWC.2001.990739}
}

@inproceedings{Najm1995PowerCircuits,
    title = {{Power Estimation Techniques for Integrated Circuits}},
    year = {1995},
    booktitle = {Computer-Aided Design, 1995. ICCAD-95. Digest of Technical Papers., 1995 IEEE/ACM International Conference on},
    author = {Najm, F N},
    pages = {492--499},
    doi = {10.1109/ICCAD.1995.480162},
    keywords = {VLSI, high-density microelectronic devices, integr}
}

@article{Najm1994ACircuits,
    title = {{A Survey of Power Estimation Techniques in VLSI Circuits}},
    year = {1994},
    journal = {IEEE Transactions on Very Large Scale Integration (VLSI) Systems},
    author = {Najm, F.N.},
    number = {4},
    pages = {446--455},
    volume = {2},
    doi = {10.1109/92.335013},
    issn = {1063-8210}
}

@book{Mahmud2017SpecificationLogicc,
    title = {{Specification and semantic analysis of embedded systems requirements: From description logic to temporal logic}},
    year = {2017},
    booktitle = {Lecture Notes in Computer Science (including subseries Lecture Notes in Artificial Intelligence and Lecture Notes in Bioinformatics)},
    author = {Mahmud, N. and Seceleanu, C. and Ljungkrantz, O.},
    number = {},
    volume = {10469 LNCS},
    isbn = {9783319661964},
    doi = {10.1007/978-3-319-66197-1{\_}21},
    issn = {16113349},
    keywords = {Description logic, Embedded systems, Event-based semantics, Ontology, Requirements analysis, Requirements specification, Thematic roles, Timed computation tree logic}
}

@inproceedings{Mahmud2014EvaluatingPlatform,
    title = {{Evaluating industrial applicability of virtualization on a distributed multicore platform}},
    year = {2014},
    booktitle = {19th IEEE International Conference on Emerging Technologies and Factory Automation, ETFA 2014},
    author = {Mahmud, N. and Sandstr{\"{o}}m, K. and Vulgarakis, A.},
    number = {},
    volume = {},
    isbn = {9781479948468},
    doi = {10.1109/ETFA.2014.7005062}
}

@inproceedings{Mahmud2015ReSA:Systemsb,
    title = {{ReSA: An ontology-based requirement specification language tailored to automotive systems}},
    year = {2015},
    booktitle = {2015 10th IEEE International Symposium on Industrial Embedded Systems, SIES 2015 - Proceedings},
    author = {Mahmud, N. and Seceleanu, C. and Ljungkrantz, O.},
    number = {},
    volume = {},
    isbn = {9781467377119},
    doi = {10.1109/SIES.2015.7185035},
    keywords = {Automotive engineering, Grammar, Natural languages, Ontologies, Semantics, Syntactics, Vehicles}
}

@inproceedings{Mahmud2016ReSAConsistency-checking,
    title = {{ReSA Tool: Structured requirements specification and SAT-based consistency-checking}},
    year = {2016},
    booktitle = {Proceedings of the 2016 Federated Conference on Computer Science and Information Systems, FedCSIS 2016},
    author = {Mahmud, N. and Seceleanu, C. and Ljungkrantz, O.},
    number = {},
    volume = {},
    isbn = {9788360810903},
    doi = {10.15439/2016F404}
}

@inproceedings{Inam2014ThePlatforms,
    title = {{The Multi-Resource Server for predictable execution on multi-core platforms}},
    year = {2014},
    booktitle = {Real-Time Technology and Applications - Proceedings},
    author = {Inam, R. and Mahmud, N. and Behnam, M. and Nolte, T. and Sj{\"{o}}din, M.},
    number = {October},
    volume = {2014-Octob},
    doi = {10.1109/RTAS.2014.6925986},
    issn = {10801812},
    keywords = {CPU resource, Linux, hierarchical scheduling, kernel, memory bandwidth, memory resource, real-time systems}
}

@book{Filipovikj2016SimulinkSystems,
    title = {{Simulink to UPPAAL statistical model checker: Analyzing automotive industrial systems}},
    year = {2016},
    booktitle = {Lecture Notes in Computer Science (including subseries Lecture Notes in Artificial Intelligence and Lecture Notes in Bioinformatics)},
    author = {Filipovikj, P. and Mahmud, N. and Marinescu, R. and Seceleanu, C. and Ljungkrantz, O. and L{\"{o}}nn, H.},
    number = {},
    volume = {9995 LNCS},
    isbn = {9783319489889},
    doi = {10.1007/978-3-319-48989-6{\_}46},
    issn = {16113349}
}

@article{Bunzel2011AUTOSARArchitecture,
    title = {{AUTOSAR - The Standardized Software Architecture}},
    year = {2011},
    journal = {Informatik-Spektrum},
    author = {Bunzel, Stefan},
    number = {1},
    pages = {79--83},
    volume = {34},
    doi = {10.1007/s00287-010-0506-7},
    issn = {01706012}
}

@inproceedings{Kramer2015RealFree,
    title = {{Real World Automotive Benchmarks for Free}},
    year = {2015},
    booktitle = {6th International Workshop on Analysis Tools and Methodologies for Embedded and Real-time Systems (WATERS)},
    author = {Kramer, Simon and Ziegenbein, Dirk and Hamann, Arne},
    keywords = {automotive software, benchmarks, timing analysis}
}

@misc{Crnkovic2002BuildingSystems,
    title = {{Building reliable component-based software systems}},
    year = {2002},
    booktitle = {E-Libro},
    author = {Crnkovic, Ivica and Larsson, Magnus and Ebrary, Inc},
    pages = {xxxvii, 413 p.},
    url = {http://0-site.ebrary.com.medina.uco.es/lib/bibliocordoba/Doc?id=10081948},
    isbn = {1580533272},
    issn = {0024-2535}
}

@inproceedings{Schreiner2007ABus,
    title = {{A component model for the AUTOSAR virtual function bus}},
    year = {2007},
    booktitle = {Proceedings - International Computer Software and Applications Conference},
    author = {Schreiner, Dietmar and G{\"{o}}schka, Karl M.},
    pages = {635--641},
    volume = {2},
    isbn = {9780769528700},
    doi = {10.1109/COMPSAC.2007.12},
    issn = {07303157}
}

@techreport{AUTOSAR2017SpecificationSoftware,
    title = {{Specification of RTE Software}},
    year = {2017},
    author = {{AUTOSAR}},
    pages = {1132},
    url = {https://www.autosar.org/fileadmin/user_upload/standards/classic/4-3/AUTOSAR_SWS_RTE.pdf},
    institution = {AUTOSAR},
    keywords = {Release 4.3.1}
}

@book{IEEEComputerSocietyTechnicalCommitteeonReal-TimeSystems2008Real-TimeProceedingsb,
    title = {{Real-Time Systems Symposium, 2008 RTSS 2008 ; Nov. 30, 2008 - Dec. 3, 2008, Barcelona, Spain ; proceedings}},
    year = {2008},
    author = {{IEEE Computer Society Technical Committee on Real-Time Systems} and {IEEE Real-Time Systems Symposium 29 2008.11.30-12.03 Barcelona} and {RTSS 29 2008.11.30-12.03 Barcelona}},
    publisher = {IEEE},
    url = {http://www.diva-portal.org/smash/record.jsf?pid=diva2%3A1003533&dswid=7732},
    isbn = {9781424436545}
}

@inproceedings{Feiertag2009ASemantics,
    title = {{A Compositional Framework for End-to-end Path Delay Calculation of Automotive Systems under Different Path Semantics}},
    year = {2009},
    booktitle = {IEEE Real-Time Systems Symposium: 30/11/2009-03/12/2009},
    author = {Feiertag, Nico and Richter, Kai and Nordlander, Johan and Jonsson, Jan},
    publisher = {IEEE Communications Society}
}

@book{Dubrova2013Fault-TolerantDesign,
    title = {{Fault-Tolerant Design}},
    year = {2013},
    author = {Dubrova, Elena},
    publisher = {Springer New York},
    url = {http://link.springer.com/10.1007/978-1-4614-2113-9},
    address = {New York, NY},
    isbn = {978-1-4614-2112-2},
    doi = {10.1007/978-1-4614-2113-9}
}

@inproceedings{Sangiovanni-Vincentelli2004BenefitsDesign,
    title = {{Benefits and Challenges for Platform-based Design}},
    year = {2004},
    booktitle = {Proceedings of the 41st annual conference on Design automation - DAC '04},
    author = {Sangiovanni-Vincentelli, Alberto and Carloni, Luca and De Bernardinis, Fernando and Sgroi, Marco},
    pages = {409},
    publisher = {ACM Press},
    address = {New York, USA},
    isbn = {1581138288},
    doi = {10.1145/996566.996684},
    keywords = {Design, Performance, Standardization}
}

@article{Abid1998Hardware/softwareSystems,
    title = {{Hardware/software co-design Methodology for Design of Embedded Systems}},
    year = {1998},
    journal = {Integrated Computer-Aided Engineering},
    author = {Abid, M. and Ben Ismail, T. and Changuel, A. and Valderrama, C. A. and Romdhani, M. and Marchioro, G. F. and Daveau, J. M. and Jerraya, A. A.},
    number = {1},
    pages = {69--83},
    volume = {5},
    issn = {1069-2509},
    keywords = {codesign{\_}abid1998}
}

@article{Wolf1994Hardware-softwareSystems,
    title = {{Hardware-software Co-design of Embedded Systems}},
    year = {1994},
    journal = {Proceedings of the IEEE},
    author = {Wolf, W.H.},
    number = {7},
    month = {7},
    pages = {967--989},
    volume = {82},
    isbn = {0792399366},
    doi = {10.1109/5.293155},
    issn = {00189219}
}

@article{Dave1999COFTA:Tolerance,
    title = {{COFTA: hardware-software co-synthesis of heterogeneous distributed embedded systems for low overhead fault tolerance}},
    year = {1999},
    journal = {IEEE Transactions on Computers},
    author = {Dave, B.P. and Jha, N.K.},
    number = {4},
    pages = {417--441},
    volume = {48},
    url = {http://ieeexplore.ieee.org/lpdocs/epic03/wrapper.htm?arnumber=762534},
    doi = {10.1109/12.762534},
    issn = {00189340},
    keywords = {Allocation, distributed systems, embedded system, hardware-software co-synthesis, scheduling, system synthesis}
}

@article{Sangiovanni-Vincentelli2007EmbeddedApplications,
    title = {{Embedded System Design for Automotive Applications}},
    year = {2007},
    journal = {Computer},
    author = {Sangiovanni-Vincentelli, Alberto and Di Natale, Marco},
    number = {10},
    month = {10},
    pages = {42--51},
    volume = {40},
    doi = {10.1109/MC.2007.344},
    issn = {0018-9162}
}

@incollection{Ha2017IntroductionCodesign,
    title = {{Introduction to Hardware/Software Codesign}},
    year = {2017},
    booktitle = {Handbook of Hardware/Software Codesign},
    author = {Ha, Soonhoi and Teich, Jürgen and Haubelt, Christian and Gla{\ss}, Michael and Mitra, Tulika and D{\"{o}}mer, Rainer and Eles, Petru and Shrivastava, Aviral and Gerstlauer, Andreas and Bhattacharyya, Shuvra S.},
    pages = {1--24},
    publisher = {Springer Netherlands},
    address = {Dordrecht},
    doi = {10.1007/978-94-017-7358-4{\_}41-1}
}

@article{Wolf2003ACodesign,
    title = {{A Decade of Hardware/ Software Codesign}},
    year = {2003},
    journal = {Computer},
    author = {Wolf, W.},
    number = {4},
    month = {4},
    pages = {38--43},
    volume = {36},
    doi = {10.1109/MC.2003.1193227},
    issn = {0018-9162}
}

@article{Fernandez-Baca1989AllocatingSystem,
    title = {{Allocating Modules to Processors in a Distributed System}},
    year = {1989},
    journal = {IEEE Transactions on Software Engineering},
    author = {Fern{\'{a}}ndez-Baca, David},
    number = {11},
    month = {11},
    pages = {1427--1436},
    volume = {15},
    publisher = {IEEE Computer Society},
    isbn = {0098-5589},
    doi = {10.1109/32.41334},
    issn = {00985589},
    keywords = {Computer networks, distributed systems, dynamic programming, scheduling, task allocation}
}

@inproceedings{SrinivasanHardware-softwareSystems,
    title = {{Hardware-software Co-synthesis of Fault-tolerant Real-time Distributed Embedded Systems}},
    booktitle = {Proceedings of EURO-DAC. European Design Automation Conference},
    author = {Srinivasan, S. and Jha, N.K.},
    pages = {334--339},
    publisher = {IEEE Comput. Soc. Press},
    isbn = {0-8186-7156-4},
    doi = {10.1109/EURDAC.1995.527426}
}

@article{Teich2012Hardware/SoftwareFuture,
    title = {{Hardware/Software Codesign: The Past, the Present, and Predicting the Future}},
    year = {2012},
    journal = {Proceedings of the IEEE},
    author = {Teich, Jürgen},
    number = {Special Centennial Issue},
    month = {5},
    pages = {1411--1430},
    volume = {100},
    doi = {10.1109/JPROC.2011.2182009},
    issn = {0018-9219}
}

@article{Prakash1992SOS:Systems,
    title = {{SOS: Synthesis of application-specific heterogeneous multiprocessor systems}},
    year = {1992},
    journal = {Journal of Parallel and Distributed Computing},
    author = {Prakash, Shiv and Parker, Alice C.},
    number = {4},
    pages = {338--351},
    volume = {16},
    isbn = {978-1-55860-702-6},
    doi = {10.1016/0743-7315(92)90017-H},
    issn = {07437315}
}

@article{Vinet2010APolynomials,
    title = {{A "missing" family of classical orthogonal polynomials}},
    year = {2010},
    journal = {Computers as Components},
    author = {Vinet, Luc and Zhedanov, Alexei},
    edition = {3 edition},
    month = {11},
    pages = {528},
    publisher = {Morgan Kaufmann},
    url = {http://arxiv.org/abs/1011.1669 http://dx.doi.org/10.1088/1751-8113/44/8/085201},
    isbn = {9780123884367},
    doi = {10.1088/1751-8113/44/8/085201},
    issn = {1572-4352},
    pmid = {1000102670},
    arxivId = {1011.1669}
}

@article{Papadimitriou1998CombinatorialComplexity,
    title = {{Combinatorial optimization: algorithms and complexity}},
    year = {1998},
    journal = {books.google.com},
    author = {Papadimitriou, C and Steiglitz, K},
    url = {http://books.google.com/books?hl=en&lr=&id=u1RmDoJqkF4C&oi=fnd&pg=PR11&dq=papadimitriou+steiglitz&ots=S7EIL_6-ye&sig=Hvsb8P8FXMLe5l0F7zhUwqSwR68}
}

@techreport{AUTOSAR2017SpecificationExtensions,
    title = {{Specification of Timing Extensions}},
    year = {2017},
    author = {{AUTOSAR}},
    pages = {219},
    url = {https://www.autosar.org/fileadmin/user_upload/standards/classic/4-3/AUTOSAR_TPS_TimingExtensions.pdf},
    institution = {AUTOSAR},
    keywords = {Release 4.3.1}
}

@incollection{Lucet1999ExactReliability,
    title = {{Exact Methods to Compute Network Reliability}},
    year = {1999},
    booktitle = {Statistical and Probabilistic Models in Reliability},
    author = {Lucet, Corinne and Manouvrier, Jean-François},
    pages = {279--294},
    publisher = {Birkh{\"{a}}user Boston},
    address = {Boston, MA},
    doi = {10.1007/978-1-4612-1782-4{\_}20}
}

@article{Goel1985SoftwareApplicability,
    title = {{Software Reliability Models: Assumptions, Limitations, and Applicability}},
    year = {1985},
    journal = {IEEE Transactions on Software Engineering},
    author = {Goel, A.L.},
    number = {12},
    month = {12},
    pages = {1411--1423},
    volume = {SE-11},
    doi = {10.1109/TSE.1985.232177},
    issn = {0098-5589}
}

@inproceedings{Wozniak2013AnArchitectures,
    title = {{An Optimization Approach for the Synthesis of AUTOSAR Architectures}},
    year = {2013},
    booktitle = {IEEE International Conference on Emerging Technologies and Factory Automation, ETFA},
    author = {Wozniak, Ernest and Mehiaoui, Asma and Mraidha, Chokri and Tucci-Piergiovanni, Sara and Gerard, Sébastien},
    isbn = {9781479908622},
    doi = {10.1109/ETFA.2013.6647952},
    issn = {19460740}
}

@article{Kopetz1989DistributedApproach,
    title = {{Distributed Fault-tolerant Real-Time Systems: the Mars Approach}},
    year = {1989},
    journal = {IEEE Micro},
    author = {Kopetz, H. and Damm, A. and Koza, C. and Mulazzani, M. and Schwabl, W. and Senft, C. and Zainlinger, R.},
    number = {1},
    month = {2},
    pages = {25--40},
    volume = {9},
    doi = {10.1109/40.16792},
    issn = {0272-1732}
}

@book{Bradley1977AppliedProgramming,
    title = {{Applied Mathematical Programming}},
    year = {1977},
    booktitle = {Applied mathematical programming},
    author = {Bradley, Hax},
    pages = {716},
    publisher = {Addison-Wesley},
    isbn = {978-0201004649},
    doi = {http://agecon2.tamu.edu/people/faculty/mccarl-bruce/books.htm},
    issn = {0013-189X},
    pmid = {21172054}
}

@inproceedings{Saidi2015AnArchitectures,
    title = {{An ILP Approach for Mapping AUTOSAR Runnables on Multi-core Architectures}},
    year = {2015},
    booktitle = {Proceedings of the 2015 Workshop on Rapid Simulation and Performance Evaluation Methods and Tools - RAPIDO '15},
    author = {Saidi, Salah Eddine and Cotard, Sylvain and Chaaban, Khaled and Marteil, Kevin},
    pages = {1--8},
    publisher = {ACM Press},
    address = {New York, USA},
    isbn = {9781605586991},
    doi = {10.1145/2693433.2693439},
    keywords = {AUTOSAR, ILP, multi-core, optimization, runnable mapping}
}

@article{Bucaioni2018MoVES:Systems,
    title = {{MoVES: A Model-driven Methodology for Vehicular Embedded Systems}},
    year = {2018},
    journal = {IEEE Access},
    author = {Bucaioni, Alessio and Addazi, Lorenzo and Cicchetti, Antonio and Ciccozzi, Federico and Eramo, Romina and Mubeen, Saad and Sjodin, Mikael},
    pages = {6424--6445},
    volume = {6},
    doi = {10.1109/ACCESS.2018.2789400},
    issn = {21693536},
    keywords = {Component model, EAST-ADL, Model transformations, Model-driven development, Vehicular embedded systems}
}

@article{faragardi2018AECUs,
    title = {{A Resource Efficient Framework to Run Automotive Embedded Software on Multi-core ECUs}},
    year = {2018},
    journal = {Journal of Systems and Software},
    author = {faragardi, Hamid Reza and Lisper, Björn and Sandstr{\"{o}}m, Kristian and Nolte, Thomas},
    pages = {64--83},
    volume = {139},
    doi = {10.1016/j.jss.2018.01.040},
    issn = {01641212}
}

@incollection{Dubrova2013SoftwareRedundancy,
    title = {{Software Redundancy}},
    year = {2013},
    booktitle = {Fault-Tolerant Design},
    author = {Dubrova, Elena},
    pages = {157--179},
    publisher = {Springer New York},
    url = {http://link.springer.com/10.1007/978-1-4614-2113-9_7},
    address = {New York, NY},
    doi = {10.1007/978-1-4614-2113-9{\_}7}
}

@incollection{Dubrova2013HardwareRedundancy,
    title = {{Hardware Redundancy}},
    year = {2013},
    booktitle = {Fault-Tolerant Design},
    author = {Dubrova, Elena},
    pages = {55--86},
    publisher = {Springer New York},
    url = {http://link.springer.com/10.1007/978-1-4614-2113-9_4},
    address = {New York, NY},
    doi = {10.1007/978-1-4614-2113-9{\_}4}
}