@techreport{iso201126262,
    title = {{26262: Road vehicles-Functional safety}},
    year = {2011},
    booktitle = {International Standard ISO/FDIS},
    author = {ISO, ISO26262},
    pages = {23},
    volume = {23},
    institution = {ISO/TC 22/SC 32 Electrical and electronic components and general system aspects}
}

@inproceedings{assayad2004bi,
    title = {{A Bi-criteria Scheduling Heuristic for Distributed Embedded Systems under Reliability and Real-time Constraints}},
    year = {2004},
    booktitle = {Dependable Systems and Networks, 2004 International Conference on},
    author = {Assayad, Ismail and Girault, Alain and Kalla, Hamoudi},
    pages = {347--356},
    organization = {IEEE}
}

@article{Pizka2004ABT,
    title = {{A brief top-down and bottom-up philosophy on software evolution}},
    year = {2004},
    journal = {Proceedings. 7th International Workshop on Principles of Software Evolution, 2004.},
    author = {Pizka, Markus and Bauer, Andreas},
    pages = {131--136}
}

@incollection{ychart_Kienhuis2002,
    title = {{A Methodology to Design Programmable Embedded Systems}},
    year = {2002},
    booktitle = {Embedded Processor Design Challenges: Systems, Architectures, Modeling, and Simulation --- SAMOS},
    author = {Kienhuis, Bart and Deprettere, Ed F and van der Wolf, Pieter and Vissers, Kees},
    pages = {18--37},
    publisher = {Springer Berlin Heidelberg},
    address = {Berlin, Heidelberg},
    isbn = {978-3-540-45874-6},
    doi = {10.1007/3-540-45874-3{\_}2}
}

@article{ghor2011real,
    title = {{A Real-time Scheduling Framework for Embedded Systems with Environmental Energy Harvesting}},
    year = {2011},
    journal = {Computers {\&} Electrical Engineering},
    author = {Ghor, Hussein E L and Chetto, Maryline and Chehade, Rafic Hage},
    number = {4},
    pages = {498--510},
    volume = {37},
    publisher = {Elsevier}
}

@article{dai2003study,
    title = {{A Study of Service Reliability and Availability for Distributed Systems}},
    year = {2003},
    journal = {Reliability Engineering {\&} System Safety},
    author = {Dai, Yuan-Shun and Xie, Min and Poh, Kim-Leng and Liu, G Q},
    number = {1},
    pages = {103--112},
    volume = {79},
    publisher = {Elsevier}
}

@inproceedings{faragardi2013analytical,
    title = {{An Analytical Model to Evaluate Reliability of Cloud Computing Systems in the Presence of QoS Requirements}},
    year = {2013},
    booktitle = {Computer and Information Science (ICIS), 2013 IEEE/ACIS 12th International Conference On},
    author = {Faragardi, Hamid Reza and Shojaee, Reza and Tabani, Hamid and Rajabi, Aboozar},
    pages = {315--321},
    organization = {IEEE}
}

@techreport{kim2011autosar,
    title = {{An Autosar-compliant Automotive Platform for Mmeeting Reliability and Timing Constraints}},
    year = {2011},
    author = {Kim, Junsung and Bhatia, Gaurav and Rajkumar, Ragunathan Raj and Jochim, Markus},
    institution = {SAE Technical Paper}
}

@article{vsvogor2014extended,
    title = {{An Extended Model for Multi-Criteria Software Component Allocation on a Heterogeneous Embedded Platform}},
    year = {2014},
    journal = {Journal of computing and information technology},
    author = {{\v{S}}vogor, Ivan and Crnkovic, Ivica and Vrcek, Neven},
    number = {4},
    pages = {211--222},
    volume = {21},
    publisher = {SRCE-Sveu{\v{c}}ili{\v{s}}ni ra{\v{c}}unski centar}
}

@techreport{Filipovikj4714,
    title = {{Analyzing Industrial Simulink Models by Statistical Model Checking}},
    year = {2017},
    author = {Filipovikj, Predrag and Mahmud, Nesredin and Marinescu, Raluca and Rodriguez-Navas, Guillermo and Seceleanu, Cristina and Ljungkrantz, Oscar and L{\"{o}}nn, Henrik},
    month = {3},
    publisher = {M{\"{a}}lardalen Real-Time Research Centre, M{\"{a}}lardalen University},
    url = {http://www.es.mdh.se/publications/4714-}
}

@article{attempto96,
    title = {{Attempto Controlled English {\{}(ACE){\}}}},
    year = {1996},
    journal = {CoRR},
    author = {Fuchs, Norbert E and Schwitter, Rolf},
    volume = {cmp-lg/960},
    url = {http://arxiv.org/abs/cmp-lg/9603003}
}

@inproceedings{wang2004component,
    title = {{Component Allocation with Multiple Resource Constraints for Large Embedded Real-time Software Design}},
    year = {2004},
    booktitle = {IEEE 10th Real-Time and Embedded Technology and Applications Symposium, 2004.},
    author = {Wang, Shige and Merrick, Jeffrey R and Shin, Kang G},
    pages = {219--226},
    organization = {IEEE}
}

@incollection{Atkinson2005,
    title = {{Component-Based Software Development for Embedded Systems -- An Introduction}},
    year = {2005},
    booktitle = {Component-Based Software Development for Embedded Systems: An Overview of Current Research Trends},
    author = {Atkinson, Colin and Bunse, Christian and Peper, Christian and Gross, Hans-Gerhard},
    editor = {Atkinson, Colin and Bunse, Christian and Gross, Hans-Gerhard and Peper, Christian},
    pages = {1--7},
    publisher = {Springer Berlin Heidelberg},
    url = {https://doi.org/10.1007/11591962_1},
    address = {Berlin, Heidelberg},
    isbn = {978-3-540-31614-5},
    doi = {10.1007/11591962{\_}1}
}

@misc{o2017concise,
    title = {{Concise guide to formal methods}},
    year = {2017},
    author = {O’Regan, Gerard},
    publisher = {Springer}
}

@inproceedings{islam2006dependability,
    title = {{Dependability Driven Integration of Mixed Criticality SW Components}},
    year = {2006},
    booktitle = {Object and Component-Oriented Real-Time Distributed Computing, 2006. ISORC 2006. Ninth IEEE International Symposium on},
    author = {Islam, Shariful and Lindstrom, Robert and Suri, Neeraj},
    pages = {11--pp},
    organization = {IEEE}
}

@article{wang2015dynamic,
    title = {{Dynamic Low-power Reconfiguration of Real-time Systems with Periodic and Probabilistic Tasks}},
    year = {2015},
    journal = {IEEE Transactions on Automation Science and Engineering},
    author = {Wang, Xi and Khemaissia, Imen and Khalgui, Mohamed and Li, ZhiWu and Mosbahi, Olfa and Zhou, MengChu},
    number = {1},
    pages = {258--271},
    volume = {12},
    publisher = {IEEE}
}

@article{bambagini2016energy,
    title = {{Energy-aware Scheduling for Real-time Systems: A survey}},
    year = {2016},
    journal = {ACM Transactions on Embedded Computing Systems (TECS)},
    author = {Bambagini, Mario and Marinoni, Mauro and Aydin, Hakan and Buttazzo, Giorgio},
    number = {1},
    pages = {7},
    volume = {15},
    publisher = {ACM}
}

@article{vroom2005expectancy,
    title = {{Expectancy theories}},
    year = {2005},
    journal = {Organizational behavior},
    author = {Vroom, VICTOR and Porter, LYMAN and Lawler, Edward},
    pages = {94--113},
    volume = {1},
    publisher = {Gremese Editore}
}

@inproceedings{conf/owled/ShearerMH08,
    title = {{HermiT: A Highly-Efficient OWL Reasoner.}},
    year = {2008},
    booktitle = {OWLED},
    author = {Shearer, Rob and Motik, Boris and Horrocks, Ian},
    editor = {Dolbear, Catherine and Ruttenberg, Alan and Sattler, Ulrike},
    series = {CEUR Workshop Proceedings},
    volume = {432},
    publisher = {CEUR-WS.org},
    url = {http://dblp.uni-trier.de/db/conf/owled/owled2008.html#ShearerMH08},
    keywords = {dblp}
}

@inproceedings{bond2002iec,
    title = {{IEC 61511-Functional Safety: Safety Instrumented Systems for the Process Industry Sector}},
    year = {2002},
    booktitle = {Annual Symposium on Instrumentation for the Process Industries},
    author = {Bond, K},
    pages = {33--40},
    volume = {57},
    organization = {Instrument Society Of America}
}

@misc{international2002iec,
    title = {{IEC 62279, Railway applications--Software for railway control and protection systems}},
    year = {2002},
    author = {Commission, International Electrotechnical and {others}},
    publisher = {Geneva}
}

@article{ieereqspecstandard,
    title = {{ISO/IEC/IEEE International Standard - Systems and software engineering -- Life cycle processes --Requirements engineering}},
    year = {2011},
    journal = {ISO/IEC/IEEE 29148:2011(E)},
    month = {12},
    pages = {1--94},
    doi = {10.1109/IEEESTD.2011.6146379},
    keywords = {IEC stand, formal specification, formal verification}
}

@inproceedings{lightweigh2001,
    title = {{Lightweight Formal Methods}},
    year = {2001},
    booktitle = {FME 2001: Formal Methods for Increasing Software Productivity},
    author = {Jackson, Daniel},
    editor = {Oliveira, José Nuno and Zave, Pamela},
    pages = {1},
    publisher = {Springer Berlin Heidelberg},
    address = {Berlin, Heidelberg},
    isbn = {978-3-540-45251-5}
}

@article{zhang2015maximizing,
    title = {{Maximizing Reliability with Energy Conservation for Parallel Task Scheduling in a Heterogeneous Cluster}},
    year = {2015},
    journal = {Information Sciences},
    author = {Zhang, Longxin and Li, Kenli and Xu, Yuming and Mei, Jing and Zhang, Fan and Li, Keqin},
    pages = {113--131},
    volume = {319},
    publisher = {Elsevier}
}

@inproceedings{modelbaseddev2002,
    title = {{Model-Based Development of Embedded Systems}},
    year = {2002},
    booktitle = {Advances in Object-Oriented Information Systems},
    author = {Sch{\"{a}}tz, B and Pretschner, A and Huber, F and Philipps, J},
    editor = {Bruel, Jean-Michel and Bellahsene, Zohra},
    pages = {298--311},
    publisher = {Springer Berlin Heidelberg},
    address = {Berlin, Heidelberg},
    isbn = {978-3-540-46105-0}
}

@article{devadas2012interplay,
    title = {{On the Interplay of Voltage/Frequency Scaling and Device Power Management for Frame-based Real-time Embedded Applications}},
    year = {2012},
    journal = {IEEE Transactions on Computers},
    author = {Devadas, Vinay and Aydin, Hakan},
    number = {1},
    pages = {31--44},
    volume = {61},
    publisher = {IEEE}
}

@incollection{Rector2006,
    title = {{Ontological and Practical Issues in Using a Description Logic to Represent Medical Concept Systems: Experience from GALEN}},
    year = {2006},
    booktitle = {Reasoning Web: Second International Summer School 2006, Lisbon, Portugal, September 4-8, 2006, Tutorial Lectures},
    author = {Rector, Alan and Rogers, Jeremy},
    editor = {Barahona, Pedro and Bry, François and Franconi, Enrico and Henze, Nicola and Sattler, Ulrike},
    pages = {197--231},
    publisher = {Springer Berlin Heidelberg},
    url = {https://doi.org/10.1007/11837787_9},
    address = {Berlin, Heidelberg},
    isbn = {978-3-540-38412-0},
    doi = {10.1007/11837787{\_}9}
}

@inproceedings{faragardi2013optimal,
    title = {{Optimal Task Allocation for Maximizing Reliability in Distributed Real-time Systems}},
    year = {2013},
    booktitle = {Computer and Information Science (ICIS), 2013 IEEE/ACIS 12th International Conference On},
    author = {Faragardi, Hamid Reza and Shojaee, Reza and Keshtkar, Mohammad Amin and Tabani, Hamid},
    pages = {513--519},
    organization = {IEEE}
}

@inproceedings{Mahmud5222,
    title = {{Power-aware Allocation of Fault-tolerant Multi-rate AUTOSAR Applications}},
    year = {2018},
    booktitle = {25th Asia-Pacific Software Engineering Conference},
    author = {Mahmud, Nesredin and Rodriguez-Navas, Guillermo and Faragardi, Hamid Reza and Mubeen, Saad and Seceleanu, Cristina},
    month = {12},
    url = {http://www.es.mdh.se/publications/5222-}
}

@book{qualitateiveresearch2012,
    title = {{Qualitative research methods for the social sciences}},
    year = {2012},
    author = {Berg, Bruce L (Bruce Lawrence) and Lune Howard, 1962- Author},
    edition = {Eighth edi},
    publisher = {Boston Pearson},
    isbn = {9780205809387}
}

@book{WangJiacun2017RES,
    title = {{Real-Time Embedded Systems}},
    year = {2017},
    author = {Wang, Jiacun},
    keywords = {Computer software -- Development; Embedded compute}
}

@inproceedings{resatool,
    title = {{ReSA Tool: Structured requirements specification and SAT-based consistency-checking}},
    year = {2016},
    booktitle = {2016 Federated Conference on Computer Science and Information Systems (FedCSIS)},
    author = {Mahmud, N and Seceleanu, C and Ljungkrantz, O},
    month = {9},
    pages = {1737--1746},
    keywords = {Automotive engineering, Boolean expressions, EAST-ADL, Embedded systems, Grammar, Natural languages, ReSA language, ReSA toolchain, SAT-based consistency-checking, Syntactics, Vehicles, Z3 SMT solver, abstraction-specific concepts, adjustable speed limiter, architectural languages, computability, early-stage model-based incremental system develop, formal verification, full formal verification, granularity requirements specifications, industrial embedded systems, industrial vehicle speed control system, natural language, specification languages, structured requirements specification, temporal logic, temporal logic formalization}
}

@inproceedings{devlin2008satisfiability,
    title = {{Satisfiability as a classification problem}},
    year = {2008},
    booktitle = {Proc. of the 19th Irish Conf. on Artificial Intelligence and Cognitive Science},
    author = {Devlin, David and OSullivan, Barry}
}

@inproceedings{10.1007/978-94-017-9297-4_7,
    title = {{Spatial Computing for Design---an Artificial Intelligence Perspective}},
    year = {2015},
    booktitle = {Studying Visual and Spatial Reasoning for Design Creativity},
    author = {Bhatt, Mehul and Freksa, Christian},
    editor = {Gero, John S},
    pages = {109--127},
    publisher = {Springer Netherlands},
    address = {Dordrecht},
    isbn = {978-94-017-9297-4}
}

@article{mubeen2013support,
    title = {{Support for End-to-end Response-time and Delay Analysis in the Industrial Tool Suite: Issues, Experiences and A Case Study}},
    year = {2013},
    journal = {Computer Science and Information Systems},
    author = {Mubeen, Saad and M{\"{a}}ki-Turja, Jukka and Sj{\"{o}}din, Mikael},
    number = {1},
    pages = {453--482},
    volume = {10}
}

@article{kartik1997task,
    title = {{Task Allocation Algorithms for Maximizing Reliability of Distributed Computing Systems}},
    year = {1997},
    journal = {IEEE Transactions on computers},
    author = {Kartik, S and Murthy, C Siva Ram},
    number = {6},
    pages = {719--724},
    volume = {46},
    publisher = {IEEE}
}

@article{yin2007task,
    title = {{Task Allocation for Maximizing Reliability of a Distributed System using Hybrid Particle Swarm Optimization}},
    year = {2007},
    journal = {Journal of Systems and Software},
    author = {Yin, Peng-Yeng and Yu, Shiuh-Sheng and Wang, Pei-Pei and Wang, Yi-Te},
    number = {5},
    pages = {724--735},
    volume = {80},
    publisher = {Elsevier}
}

@article{shatz1992task,
    title = {{Task Allocation for Maximizing Reliability of Distributed Computer Systems}},
    year = {1992},
    journal = {IEEE Transactions on Computers},
    author = {Shatz, Sol M and Wang, J-P and Goto, Masanori},
    number = {9},
    pages = {1156--1168},
    volume = {41},
    publisher = {IEEE}
}

@inproceedings{faragardi2013towards,
    title = {{Towards Energy-aware Resource Scheduling to Maximize Reliability in Cloud Computing Systems}},
    year = {2013},
    booktitle = {High Performance Computing and Communications {\&} 2013 IEEE International Conference on Embedded and Ubiquitous Computing (HPCC{\_}EUC), 2013 IEEE 10th International Conference on},
    author = {Faragardi, Hamid Reza and Rajabi, Aboozar and Shojaee, Reza and Nolte, Thomas},
    pages = {1469--1479},
    organization = {IEEE}
}

@book{softwarecomponents,
    title = {{What are Software Components?}},
    year = {2017},
    booktitle = {An Introduction to Component-Based Software Development},
    author = {Kung-Kiu Lau, Simone di Cola},
    chapter = {Chapter 2},
    pages = {15--19},
    publisher = {World Scientific Publishing Company (June 29, 2017)},
    isbn = {9813221879},
    doi = {10.1142/9789813221888{\_}0002}
}

@book{InstituteofElectricalandElectronicsEngineers2014Sweden.,
    title = {{2014 IEEE 22nd International Requirements Engineering Conference (RE) : proceedings : August 25-29, 2014, Karlskrona, Sweden.}},
    author = {{Institute of Electrical and Electronics Engineers}},
    pages = {501},
    isbn = {9781479930333}
}

@book{IEEEComputerSociety.TechnicalCommitteeonReal-TimeSystems2016Austria.,
    title = {{2016 IEEE Real-Time and Embedded Technology and Applications Symposium (RTAS) : proceedings : 11-14 April 2016, Vienna, Austria.}},
    author = {{IEEE Computer Society. Technical Committee on Real-Time Systems} and {IEEE Computer Society} and {Institute of Electrical and Electronics Engineers} and Cyber-Physical Systems Week (2016 : Vienna, Austria)},
    isbn = {9781467386395}
}

@book{IEEEComputerSociety.TechnicalCommitteeonReal-TimeSystems2016Austria.b,
    title = {{2016 IEEE Real-Time and Embedded Technology and Applications Symposium (RTAS) : proceedings : 11-14 April 2016, Vienna, Austria.}},
    author = {{IEEE Computer Society. Technical Committee on Real-Time Systems} and {IEEE Computer Society} and {Institute of Electrical and Electronics Engineers} and Cyber-Physical Systems Week (2016 : Vienna, Austria)},
    isbn = {9781467386401}
}

@book{IEEEComputerSociety.TechnicalCommitteeonReal-TimeSystems2016Austria.c,
    title = {{2016 IEEE Real-Time and Embedded Technology and Applications Symposium (RTAS) : proceedings : 11-14 April 2016, Vienna, Austria.}},
    author = {{IEEE Computer Society. Technical Committee on Real-Time Systems} and {IEEE Computer Society} and {Institute of Electrical and Electronics Engineers} and Cyber-Physical Systems Week (2016 : Vienna, Austria)},
    isbn = {9781467386418}
}

@article{Vinet2010APolynomials,
    title = {{A "Missing" Family of Classical Orthogonal Polynomials}},
    year = {2010},
    journal = {Computers as Components},
    author = {Vinet, Luc and Zhedanov, Alexei},
    edition = {3 edition},
    month = {11},
    pages = {528},
    publisher = {Morgan Kaufmann},
    url = {http://arxiv.org/abs/1011.1669 http://dx.doi.org/10.1088/1751-8113/44/8/085201},
    isbn = {9780123884367},
    doi = {10.1088/1751-8113/44/8/085201},
    issn = {1572-4352},
    pmid = {1000102670},
    arxivId = {1011.1669}
}

@article{Leucker2009AVerification,
    title = {{A brief account of runtime verification}},
    year = {2009},
    journal = {The Journal of Logic and Algebraic Programming},
    author = {Leucker, Martin and Schallhart, Christian},
    number = {5},
    month = {5},
    pages = {293--303},
    volume = {78},
    url = {http://linkinghub.elsevier.com/retrieve/pii/S1567832608000775},
    doi = {10.1016/j.jlap.2008.08.004},
    issn = {15678326}
}

@incollection{MunozZavala2013ANeighborhoods,
    title = {{A Comparison Study of PSO Neighborhoods}},
    year = {2013},
    author = {Mu{\~{n}}oz Zavala, Angel Eduardo},
    pages = {251--265},
    publisher = {Springer, Berlin, Heidelberg},
    url = {http://link.springer.com/10.1007/978-3-642-31519-0_16},
    doi = {10.1007/978-3-642-31519-0{\_}16}
}

@inproceedings{Schreiner2007ABus,
    title = {{A Component Model for the AUTOSAR Virtual Function Bus}},
    year = {2007},
    booktitle = {Proceedings - International Computer Software and Applications Conference},
    author = {Schreiner, Dietmar and G{\"{o}}schka, Karl M.},
    pages = {635--641},
    volume = {2},
    isbn = {9780769528700},
    doi = {10.1109/COMPSAC.2007.12},
    issn = {07303157}
}

@inproceedings{Feiertag2009ASemantics,
    title = {{A Compositional Framework for End-to-end Path Delay Calculation of Automotive Systems under Different Path Semantics}},
    year = {2009},
    booktitle = {IEEE Real-Time Systems Symposium: 30/11/2009-03/12/2009},
    author = {Feiertag, Nico and Richter, Kai and Nordlander, Johan and Jonsson, Jan},
    publisher = {IEEE Communications Society}
}

@article{Wolf2003ACodesign,
    title = {{A Decade of Hardware/ Software Codesign}},
    year = {2003},
    journal = {Computer},
    author = {Wolf, W.},
    number = {4},
    month = {4},
    pages = {38--43},
    volume = {36},
    doi = {10.1109/MC.2003.1193227},
    issn = {0018-9162}
}

@inproceedings{KennedyAAlgorithm,
    title = {{A discrete binary version of the particle swarm algorithm}},
    booktitle = {1997 IEEE International Conference on Systems, Man, and Cybernetics. Computational Cybernetics and Simulation},
    author = {Kennedy, J. and Eberhart, R.C.},
    pages = {4104--4108},
    volume = {5},
    publisher = {IEEE},
    url = {http://ieeexplore.ieee.org/document/637339/},
    isbn = {0-7803-4053-1},
    doi = {10.1109/ICSMC.1997.637339}
}

@article{Medikonda2009ASystems,
    title = {{A framework for software safety in safety-critical systems}},
    year = {2009},
    journal = {ACM SIGSOFT Software Engineering Notes},
    author = {Medikonda, Ben Swarup and Panchumarthy, Seetha Ramaiah},
    isbn = {0163-5948},
    doi = {10.1145/1507195.1507207},
    issn = {01635948}
}

@article{ZhangACenters,
    title = {{A High-level Energy Consumption Model for Heterogeneous Data Centers}},
    journal = {Elsevier},
    author = {Zhang, X and Lu, JJ and Qin, X and Theory, XN Zhao - Simulation Modelling Practice and and 2013, Undefined}
}

@article{Haralambous2017ALanguage,
    title = {{A hybrid (visual/natural) controlled language}},
    year = {2017},
    journal = {Language Resources and Evaluation},
    author = {Haralambous, Yannis and Sauvage-Vincent, Julie and Puentes, John},
    number = {1},
    month = {3},
    pages = {93--129},
    volume = {51},
    url = {http://link.springer.com/10.1007/s10579-016-9339-6},
    doi = {10.1007/s10579-016-9339-6},
    issn = {1574-020X}
}

@inproceedings{Agerholm1999AMethods,
    title = {{A lightweight approach to formal methods}},
    year = {1999},
    booktitle = {Lecture Notes in Computer Science (including subseries Lecture Notes in Artificial Intelligence and Lecture Notes in Bioinformatics)},
    author = {Agerholm, Sten and Larsen, Peter Gorm},
    isbn = {3540664629},
    doi = {10.1007/3-540-48257-1{\_}10},
    issn = {16113349}
}

@inproceedings{Agerholm1999AMethodsb,
    title = {{A lightweight approach to formal methods}},
    year = {1999},
    booktitle = {Lecture Notes in Computer Science (including subseries Lecture Notes in Artificial Intelligence and Lecture Notes in Bioinformatics)},
    author = {Agerholm, Sten and Larsen, Peter Gorm},
    isbn = {3540664629},
    doi = {10.1007/3-540-48257-1{\_}10},
    issn = {16113349}
}

@article{Lin2014AAnalysis,
    title = {{A Local and Global Search Combined Particle Swarm Optimization Algorithm and Its Convergence Analysis}},
    year = {2014},
    journal = {Mathematical Problems in Engineering},
    author = {Lin, Weitian and Lian, Zhigang and Gu, Xingsheng and Jiao, Bin},
    month = {3},
    pages = {1--11},
    volume = {2014},
    publisher = {Hindawi},
    url = {http://www.hindawi.com/journals/mpe/2014/905712/},
    doi = {10.1155/2014/905712},
    issn = {1024-123X}
}

@article{Gorschek2006APractice,
    title = {{A model for technology transfer in practice}},
    year = {2006},
    journal = {IEEE Software},
    author = {Gorschek, Tony and Garre, Per and Larsson, Stig and Wohlin, Claes},
    isbn = {1904282148},
    doi = {10.1109/MS.2006.147},
    issn = {07407459},
    keywords = {Industry validation, Process assessment, Process improvement, Product management, Requirements engineering, Technology transfer}
}

@article{faragardi2018AECUs,
    title = {{A Resource Efficient Framework to Run Automotive Embedded Software on Multi-core ECUs}},
    year = {2018},
    journal = {Journal of Systems and Software},
    author = {faragardi, Hamid Reza and Lisper, Björn and Sandstr{\"{o}}m, Kristian and Nolte, Thomas},
    pages = {64--83},
    volume = {139},
    doi = {10.1016/j.jss.2018.01.040},
    issn = {01641212}
}

@misc{Kalra2015AComputing,
    title = {{A review of metaheuristic scheduling techniques in cloud computing}},
    year = {2015},
    booktitle = {Egyptian Informatics Journal},
    author = {Kalra, Mala and Singh, Sarbjeet},
    isbn = {11108665},
    doi = {10.1016/j.eij.2015.07.001},
    issn = {11108665},
    keywords = {Ant colony optimization, Cloud task scheduling, Genetic algorithm and particle swarm optimization, League Championship Algorithm (LCA) and BAT algori, Metaheuristic techniques}
}

@inproceedings{Manamcheri2011AModels,
    title = {{A step towards verification and synthesis from simulink/stateflow models}},
    year = {2011},
    booktitle = {Proceedings of the 14th international conference on Hybrid systems: computation and control - HSCC '11},
    author = {Manamcheri, Karthik and Mitra, Sayan and Bak, Stanley and Caccamo, Marco},
    pages = {317},
    publisher = {ACM Press},
    url = {http://portal.acm.org/citation.cfm?doid=1967701.1967749},
    address = {New York, New York, USA},
    isbn = {9781450306294},
    doi = {10.1145/1967701.1967749},
    keywords = {hybrid automata, simulink, stateflow}
}

@article{Kuhn2014ALanguages,
    title = {{A Survey and Classification of Controlled Natural Languages}},
    year = {2014},
    journal = {Computational Linguistics},
    author = {Kuhn, Tobias},
    number = {1},
    month = {3},
    pages = {121--170},
    volume = {40},
    publisher = {MIT Press55 Hayward Street, Cambridge, MA 02142-1315USAjournals-info@mit.edu},
    url = {http://www.mitpressjournals.org/doi/10.1162/COLI_a_00168},
    doi = {10.1162/COLI{\_}a{\_}00168},
    issn = {0891-2017}
}

@article{Kuhn2014ALanguagesb,
    title = {{A Survey and Classification of Controlled Natural Languages}},
    year = {2014},
    journal = {Computational Linguistics},
    author = {Kuhn, Tobias},
    number = {1},
    month = {3},
    pages = {121--170},
    volume = {40},
    url = {http://www.mitpressjournals.org/doi/10.1162/COLI_a_00168},
    doi = {10.1162/COLI{\_}a{\_}00168},
    issn = {0891-2017}
}

@article{Najm1994ACircuits,
    title = {{A Survey of Power Estimation Techniques in VLSI Circuits}},
    year = {1994},
    journal = {IEEE Transactions on Very Large Scale Integration (VLSI) Systems},
    author = {Najm, F.N.},
    number = {4},
    pages = {446--455},
    volume = {2},
    doi = {10.1109/92.335013},
    issn = {1063-8210}
}

@article{Walia2009AErrors,
    title = {{A systematic literature review to identify and classify software requirement errors}},
    year = {2009},
    journal = {Information and Software Technology},
    author = {Walia, Gursimran Singh and Carver, Jeffrey C.},
    number = {7},
    month = {7},
    pages = {1087--1109},
    volume = {51},
    url = {http://linkinghub.elsevier.com/retrieve/pii/S0950584909000111},
    doi = {10.1016/j.infsof.2009.01.004},
    issn = {09505849}
}

@incollection{Behrmann2004AUppaal,
    title = {{A Tutorial on Uppaal}},
    year = {2004},
    author = {Behrmann, Gerd and David, Alexandre and Larsen, Kim G.},
    pages = {200--236},
    url = {http://link.springer.com/10.1007/978-3-540-30080-9_7},
    doi = {10.1007/978-3-540-30080-9{\_}7}
}

@article{Fernandez-Baca1989AllocatingSystem,
    title = {{Allocating Modules to Processors in a Distributed System}},
    year = {1989},
    journal = {IEEE Transactions on Software Engineering},
    author = {Fern{\'{a}}ndez-Baca, David},
    number = {11},
    month = {11},
    pages = {1427--1436},
    volume = {15},
    publisher = {IEEE Computer Society},
    isbn = {0098-5589},
    doi = {10.1109/32.41334},
    issn = {00985589},
    keywords = {Computer networks, distributed systems, dynamic programming, scheduling, task allocation}
}

@article{Poli2008AnApplications,
    title = {{An Analysis of Publications on Particle Swarm Optimisation Applications}},
    year = {2008},
    journal = {Journal of Artificial Evolution and Applications},
    author = {Poli, Riccardo},
    isbn = {1687-6229 1687-6237},
    doi = {10.1155/2008/685175},
    issn = {1744-8050},
    pmid = {21527761}
}

@inproceedings{Faragardi2018AnSystems,
    title = {{An efficient placement of sinks and SDN controller nodes for optimizing the design cost of industrial IoT systems}},
    year = {2018},
    booktitle = {Software - Practice and Experience},
    author = {Faragardi, Hamid Reza and Vahabi, Maryam and Fotouhi, Hossein and Nolte, Thomas and Fahringer, Thomas},
    doi = {10.1002/spe.2593},
    issn = {1097024X},
    keywords = {industrial IoT, node placement, parallel ant colony optimization, software-defined networking, wireless sensor networks}
}

@inproceedings{Dyba2004AnGuides,
    title = {{An empirical investigation on factors affecting software developer acceptance and utilization of electronic process guides}},
    year = {2004},
    booktitle = {Proceedings - International Software Metrics Symposium},
    author = {Dyb{\aa}, Tore and Moe, Nils B. and Mikkelsen, Edda M.},
    pages = {220--231},
    isbn = {0769521290},
    doi = {10.1109/METRIC.2004.1357905},
    issn = {15301435}
}

@incollection{Douence2006AnArachne,
    title = {{An Expressive Aspect Language for System Applications with Arachne}},
    year = {2006},
    author = {Douence, Rémi and Fritz, Thomas and Loriant, Nicolas and Menaud, Jean-Marc and S{\'{e}}gura-Devillechaise, Marc and S{\"{u}}dholt, Mario},
    pages = {174--213},
    url = {http://link.springer.com/10.1007/11687061_6},
    doi = {10.1007/11687061{\_}6}
}

@inproceedings{Saidi2015AnArchitectures,
    title = {{An ILP Approach for Mapping AUTOSAR Runnables on Multi-core Architectures}},
    year = {2015},
    booktitle = {Proceedings of the 2015 Workshop on Rapid Simulation and Performance Evaluation Methods and Tools - RAPIDO '15},
    author = {Saidi, Salah Eddine and Cotard, Sylvain and Chaaban, Khaled and Marteil, Kevin},
    pages = {1--8},
    publisher = {ACM Press},
    address = {New York, USA},
    isbn = {9781605586991},
    doi = {10.1145/2693433.2693439},
    keywords = {AUTOSAR, ILP, multi-core, optimization, runnable mapping}
}

@inproceedings{Wozniak2013AnArchitectures,
    title = {{An Optimization Approach for the Synthesis of AUTOSAR Architectures}},
    year = {2013},
    booktitle = {IEEE International Conference on Emerging Technologies and Factory Automation, ETFA},
    author = {Wozniak, Ernest and Mehiaoui, Asma and Mraidha, Chokri and Tucci-Piergiovanni, Sara and Gerard, Sébastien},
    isbn = {9781479908622},
    doi = {10.1109/ETFA.2013.6647952},
    issn = {19460740}
}

@incollection{Kiczales2001AnAspectJ,
    title = {{An Overview of AspectJ}},
    year = {2001},
    author = {Kiczales, Gregor and Hilsdale, Erik and Hugunin, Jim and Kersten, Mik and Palm, Jeffrey and Griswold, William G.},
    pages = {327--354},
    url = {http://link.springer.com/10.1007/3-540-45337-7_18},
    doi = {10.1007/3-540-45337-7{\_}18}
}

@book{Bradley1977AppliedProgramming,
    title = {{Applied Mathematical Programming}},
    year = {1977},
    booktitle = {Applied mathematical programming},
    author = {Bradley, Hax},
    pages = {716},
    publisher = {Addison-Wesley},
    isbn = {978-0201004649},
    doi = {http://agecon2.tamu.edu/people/faculty/mccarl-bruce/books.htm},
    issn = {0013-189X},
    pmid = {21172054}
}

@incollection{Fuchs2008AttemptoRepresentation,
    title = {{Attempto Controlled English for Knowledge Representation}},
    year = {2008},
    author = {Fuchs, Norbert E. and Kaljurand, Kaarel and Kuhn, Tobias},
    pages = {104--124},
    publisher = {Springer, Berlin, Heidelberg},
    url = {http://link.springer.com/10.1007/978-3-540-85658-0_3},
    doi = {10.1007/978-3-540-85658-0{\_}3}
}

@incollection{Fuchs1999AttemptoLanguage,
    title = {{Attempto Controlled English — Not Just Another Logic Specification Language}},
    year = {1999},
    author = {Fuchs, Norbert E. and Schwertel, Uta and Schwitter, Rolf},
    pages = {1--20},
    publisher = {Springer, Berlin, Heidelberg},
    url = {http://link.springer.com/10.1007/3-540-48958-4_1},
    doi = {10.1007/3-540-48958-4{\_}1}
}

@incollection{Fuchs1999AttemptoLanguageb,
    title = {{Attempto Controlled English — Not Just Another Logic Specification Language}},
    year = {1999},
    author = {Fuchs, Norbert E. and Schwertel, Uta and Schwitter, Rolf},
    pages = {1--20},
    url = {http://link.springer.com/10.1007/3-540-48958-4_1},
    doi = {10.1007/3-540-48958-4{\_}1}
}

@misc{EMBC2018AutoBenchProcessors,
    title = {{AutoBench™ 2.0 - Performance Suite for Multicore Automotive Processors}},
    year = {2018},
    author = {{EMBC}},
    pages = {1}
}

@article{Filipovikj2018AutomatedRequirements,
    title = {{Automated SMT-based consistency checking of industrial critical requirements}},
    year = {2018},
    journal = {ACM SIGAPP Applied Computing Review},
    author = {Filipovikj, Predrag and Rodriguez-Navas, Guillermo and Nyberg, Mattias and Seceleanu, Cristina},
    number = {4},
    month = {1},
    pages = {15--28},
    volume = {17},
    url = {http://dl.acm.org/citation.cfm?doid=3183628.3183630},
    doi = {10.1145/3183628.3183630},
    issn = {15596915}
}

@incollection{GadkariAutoMOTGen:Systems,
    title = {{AutoMOTGen: Automatic Model Oriented Test Generator for Embedded Control Systems}},
    booktitle = {Computer Aided Verification},
    author = {Gadkari, Ambar A. and Yeolekar, Anand and Suresh, J. and Ramesh, S. and Mohalik, Swarup and Shashidhar, K. C.},
    pages = {204--208},
    publisher = {Springer Berlin Heidelberg},
    url = {http://link.springer.com/10.1007/978-3-540-70545-1_19},
    address = {Berlin, Heidelberg},
    doi = {10.1007/978-3-540-70545-1{\_}19}
}

@article{Post2012AutomotiveBOSCH,
    title = {{Automotive behavioral requirements expressed in a specification pattern system: a case study at BOSCH}},
    year = {2012},
    journal = {Requirements Engineering},
    author = {Post, Amalinda and Menzel, Igor and Hoenicke, Jochen and Podelski, Andreas},
    number = {1},
    month = {3},
    pages = {19--33},
    volume = {17},
    url = {http://link.springer.com/10.1007/s00766-011-0145-9},
    doi = {10.1007/s00766-011-0145-9},
    issn = {0947-3602}
}

@article{Bunzel2011AUTOSARArchitecture,
    title = {{AUTOSAR - The Standardized Software Architecture}},
    year = {2011},
    journal = {Informatik-Spektrum},
    author = {Bunzel, Stefan},
    number = {1},
    pages = {79--83},
    volume = {34},
    doi = {10.1007/s00287-010-0506-7},
    issn = {01706012}
}

@article{NaumannAUTOSARBus,
    title = {{AUTOSAR Runtime Environment and Virtual Function Bus}},
    journal = {Hasso-Plattner-Institut, Tech. Rep},
    author = {Naumann, Nico},
    keywords = {AUTOSAR, Automotive Open System Architecture, Hard-ware Interaction 2 Nico Naumann, RTE, Runnables, Runtime Environ-ment, Stichworte, VFB, Virtual Function Bus}
}

@article{Merkel2006BalancingSystems,
    title = {{Balancing power consumption in multiprocessor systems}},
    year = {2006},
    journal = {ACM SIGOPS Operating Systems Review},
    author = {Merkel, Andreas and Bellosa, Frank},
    number = {4},
    pages = {403},
    volume = {40},
    url = {http://portal.acm.org/citation.cfm?doid=1218063.1217974},
    isbn = {1595933220},
    doi = {10.1145/1218063.1217974},
    issn = {01635980}
}

@inproceedings{Sangiovanni-Vincentelli2004BenefitsDesign,
    title = {{Benefits and Challenges for Platform-based Design}},
    year = {2004},
    booktitle = {Proceedings of the 41st annual conference on Design automation - DAC '04},
    author = {Sangiovanni-Vincentelli, Alberto and Carloni, Luca and De Bernardinis, Fernando and Sgroi, Marco},
    pages = {409},
    publisher = {ACM Press},
    address = {New York, USA},
    isbn = {1581138288},
    doi = {10.1145/996566.996684},
    keywords = {Design, Performance, Standardization}
}

@article{Malik2009BooleanSuccess,
    title = {{Boolean satisfiability from theoretical hardness to practical success}},
    year = {2009},
    journal = {Communications of the ACM},
    author = {Malik, Sharad and Zhang, Lintao},
    number = {8},
    pages = {76},
    volume = {52},
    doi = {10.1145/1536616.1536637},
    issn = {00010782}
}

@incollection{Miller2009BridgingChecking,
    title = {{Bridging the Gap Between Model-Based Development and Model Checking}},
    year = {2009},
    author = {Miller, Steven P.},
    pages = {443--453},
    publisher = {Springer, Berlin, Heidelberg},
    url = {http://link.springer.com/10.1007/978-3-642-00768-2_36},
    doi = {10.1007/978-3-642-00768-2{\_}36}
}

@misc{Crnkovic2002BuildingSystems,
    title = {{Building Reliable Component-based Software Systems}},
    year = {2002},
    booktitle = {E-Libro},
    author = {Crnkovic, Ivica and Larsson, Magnus and Ebrary, Inc},
    pages = {xxxvii, 413 p.},
    isbn = {1580533272},
    issn = {0024-2535}
}

@article{Elazhary2016CAL:Ontologies,
    title = {{CAL: A Controlled Arabic Language for Authoring Ontologies}},
    year = {2016},
    journal = {Arabian Journal for Science and Engineering},
    author = {Elazhary, Hanan},
    number = {8},
    month = {8},
    pages = {2911--2926},
    volume = {41},
    url = {http://link.springer.com/10.1007/s13369-015-2016-z},
    doi = {10.1007/s13369-015-2016-z},
    issn = {1319-8025}
}

@article{Wei2018CDMA-basedSystems,
    title = {{CDMA-based anti-collision algorithm for EPC global C1 Gen2 systems}},
    year = {2018},
    journal = {Telecommunication Systems},
    author = {Wei, Wei and Su, Jian and Song, Houbing and Wang, Huihui and Fan, Xiumei},
    number = {1},
    month = {1},
    pages = {63--71},
    volume = {67},
    url = {http://link.springer.com/10.1007/s11235-017-0321-4},
    doi = {10.1007/s11235-017-0321-4},
    issn = {1018-4864}
}

@article{Safwat2017CNLsArt,
    title = {{CNLs for the semantic web: a state of the art}},
    year = {2017},
    journal = {Language Resources and Evaluation},
    author = {Safwat, Hazem and Davis, Brian},
    number = {1},
    month = {3},
    pages = {191--220},
    volume = {51},
    url = {http://link.springer.com/10.1007/s10579-016-9351-x},
    doi = {10.1007/s10579-016-9351-x},
    issn = {1574-020X}
}

@article{Dave1999COFTA:Tolerance,
    title = {{COFTA: hardware-software co-synthesis of heterogeneous distributed embedded systems for low overhead fault tolerance}},
    year = {1999},
    journal = {IEEE Transactions on Computers},
    author = {Dave, B.P. and Jha, N.K.},
    number = {4},
    pages = {417--441},
    volume = {48},
    url = {http://ieeexplore.ieee.org/lpdocs/epic03/wrapper.htm?arnumber=762534},
    doi = {10.1109/12.762534},
    issn = {00189340},
    keywords = {Allocation, distributed systems, embedded system, hardware-software co-synthesis, scheduling, system synthesis}
}

@article{Papadimitriou1998CombinatorialComplexity,
    title = {{Combinatorial optimization: algorithms and complexity}},
    year = {1998},
    journal = {books.google.com},
    author = {Papadimitriou, C and Steiglitz, K},
    url = {http://books.google.com/books?hl=en&lr=&id=u1RmDoJqkF4C&oi=fnd&pg=PR11&dq=papadimitriou+steiglitz&ots=S7EIL_6-ye&sig=Hvsb8P8FXMLe5l0F7zhUwqSwR68}
}

@article{Siqueira2018ComparingReplication,
    title = {{Comparing the comprehensibility of requirements models: An experiment replication}},
    year = {2018},
    journal = {Information and Software Technology},
    author = {Siqueira, Fábio Levy},
    month = {4},
    pages = {1--13},
    volume = {96},
    url = {https://linkinghub.elsevier.com/retrieve/pii/S0950584917305050},
    doi = {10.1016/j.infsof.2017.11.002},
    issn = {09505849}
}

@article{Bircher2012CompleteEvents,
    title = {{Complete System Power Estimation Using Processor Performance Events}},
    year = {2012},
    journal = {IEEE Transactions on Computers},
    author = {Bircher, W. Lloyd and John, Lizy K.},
    number = {4},
    pages = {563--577},
    volume = {61},
    isbn = {2010030168},
    doi = {10.1109/TC.2011.47},
    issn = {00189340},
    keywords = {Energy-aware systems, evaluation, measurement, modeling, power management}
}

@inproceedings{Bircher2007CompleteEvents,
    title = {{Complete system power estimation: A trickle-down approach based on performance events}},
    year = {2007},
    booktitle = {ISPASS 2007: IEEE International Symposium on Performance Analysis of Systems and Software},
    author = {Bircher, W. Lloyd and John, Lizy K.},
    pages = {158--168},
    isbn = {1424410819},
    doi = {10.1109/ISPASS.2007.363746}
}

@inproceedings{Bircher2007CompleteEventsb,
    title = {{Complete System Power Estimation: A Trickle-Down Approach Based on Performance Events}},
    year = {2007},
    booktitle = {2007 IEEE International Symposium on Performance Analysis of Systems {\&} Software},
    author = {Bircher, W. Lloyd and John, Lizy K.},
    month = {4},
    pages = {158--168},
    publisher = {IEEE},
    url = {http://ieeexplore.ieee.org/document/4211032/},
    isbn = {1-4244-1081-9},
    doi = {10.1109/ISPASS.2007.363746}
}

@book{Tucker2004ComputerHandbook,
    title = {{Computer science handbook}},
    year = {2004},
    author = {Tucker, Allen B.},
    editor = {Tucker, Allen B.},
    edition = {2},
    publisher = {Chapman {\&} Hall/CRC},
    isbn = {158488360X}
}

@inproceedings{Kekatos2018ConstructingHybridization,
    title = {{Constructing verification models of nonlinear Simulink systems via syntactic hybridization}},
    year = {2018},
    booktitle = {2017 IEEE 56th Annual Conference on Decision and Control, CDC 2017},
    author = {Kekatos, Nikolaos and Forets, Marcelo and Frehse, Goran},
    isbn = {9781509028733},
    doi = {10.1109/CDC.2017.8263907}
}

@misc{Davis2007ControllerRevised,
    title = {{Controller Area Network (CAN) schedulability analysis: Refuted, revisited and revised}},
    year = {2007},
    booktitle = {Real-Time Systems},
    author = {Davis, Robert I. and Burns, Alan and Bril, Reinder J. and Lukkien, Johan J.},
    isbn = {0922-6443},
    doi = {10.1007/s11241-007-9012-7},
    issn = {09226443},
    keywords = {Controller Area Network (CAN), Fixed priority scheduling, Non-pre-emptive scheduling, Priority assignment policies, Response time analysis, Schedulability analysis}
}

@article{Jiang2018DependableCPS,
    title = {{Dependable Model-driven Development of CPS}},
    year = {2018},
    journal = {ACM Transactions on Cyber-Physical Systems},
    author = {Jiang, Yu and Song, Houbing and Yang, Yixiao and Liu, Han and Gu, Ming and Guan, Yong and Sun, Jiaguang and Sha, Lui},
    number = {1},
    month = {8},
    pages = {1--31},
    volume = {3},
    url = {http://dl.acm.org/citation.cfm?doid=3274532.3078623},
    doi = {10.1145/3078623},
    issn = {2378962X}
}

@article{Harrington2016DesigningNetworks,
    title = {{Designing a ‘concept of operations’ architecture for next-generation multi-organisational service networks}},
    year = {2016},
    journal = {AI {\&} SOCIETY},
    author = {Harrington, Tomás Seosamh and Srai, Jagjit Singh},
    month = {5},
    url = {http://link.springer.com/10.1007/s00146-016-0664-5},
    doi = {10.1007/s00146-016-0664-5},
    issn = {0951-5666}
}

@article{Harrington2016DesigningNetworksb,
    title = {{Designing a ‘concept of operations’ architecture for next-generation multi-organisational service networks}},
    year = {2016},
    journal = {AI {\&} SOCIETY},
    author = {Harrington, Tomás Seosamh and Srai, Jagjit Singh},
    month = {5},
    url = {http://link.springer.com/10.1007/s00146-016-0664-5},
    doi = {10.1007/s00146-016-0664-5},
    issn = {0951-5666}
}

@article{Ashjaei2017DesigningSystems,
    title = {{Designing end-to-end resource reservations in predictable distributed embedded systems}},
    year = {2017},
    journal = {Real-Time Systems},
    author = {Ashjaei, Mohammad and Khalilzad, Nima and Mubeen, Saad and Behnam, Moris and Sander, Ingo and Almeida, Luis and Nolte, Thomas},
    isbn = {0922-6443},
    doi = {10.1007/s11241-017-9283-6},
    issn = {15731383},
    keywords = {Distributed embedded systems, End-to-end reservation, Resource reservation, Response time analysis, Server design}
}

@article{Ferrari2018DetectingDomain,
    title = {{Detecting requirements defects with NLP patterns: an industrial experience in the railway domain}},
    year = {2018},
    journal = {Empirical Software Engineering},
    author = {Ferrari, Alessio and Gori, Gloria and Rosadini, Benedetta and Trotta, Iacopo and Bacherini, Stefano and Fantechi, Alessandro and Gnesi, Stefania},
    month = {2},
    url = {http://link.springer.com/10.1007/s10664-018-9596-7},
    doi = {10.1007/s10664-018-9596-7},
    issn = {1382-3256}
}

@article{Ferrari2018DetectingDomainb,
    title = {{Detecting requirements defects with NLP patterns: an industrial experience in the railway domain}},
    year = {2018},
    journal = {Empirical Software Engineering},
    author = {Ferrari, Alessio and Gori, Gloria and Rosadini, Benedetta and Trotta, Iacopo and Bacherini, Stefano and Fantechi, Alessandro and Gnesi, Stefania},
    month = {2},
    url = {http://link.springer.com/10.1007/s10664-018-9596-7},
    doi = {10.1007/s10664-018-9596-7},
    issn = {1382-3256}
}

@misc{Wang2016DevelopingDO-178C,
    title = {{Developing Safety Critical Embedded Software under DO-178C}},
    year = {2016},
    author = {Wang, Yanyun},
    url = {https://etd.ohiolink.edu/pg_10?0::NO:10:P10_ACCESSION_NUM:ucin1468575365}
}

@misc{Wang2016DevelopingDO-178Cb,
    title = {{Developing Safety Critical Embedded Software under DO-178C}},
    year = {2016},
    author = {Wang, Yanyun},
    url = {http://rave.ohiolink.edu/etdc/view?acc_num=ucin1468575365}
}

@article{Gomez2017DevelopmentVISOR3,
    title = {{Development and Implementation of a High-Level Control System for the Underwater Remotely Operated Vehicle VISOR3}},
    year = {2017},
    journal = {IFAC-PapersOnLine},
    author = {G{\'{o}}mez, Álvaro and Aristiz{\'{a}}bal, Luis M. and Zuluaga, Carlos A. and Correa, Julio C. and V{\'{a}}squez, Rafael E.},
    number = {1},
    month = {7},
    pages = {1151--1156},
    volume = {50},
    url = {https://linkinghub.elsevier.com/retrieve/pii/S2405896317307474},
    doi = {10.1016/j.ifacol.2017.08.400},
    issn = {24058963}
}

@article{Gomez2017DevelopmentVISOR3b,
    title = {{Development and Implementation of a High-Level Control System for the Underwater Remotely Operated Vehicle VISOR3}},
    year = {2017},
    journal = {IFAC-PapersOnLine},
    author = {G{\'{o}}mez, Álvaro and Aristiz{\'{a}}bal, Luis M. and Zuluaga, Carlos A. and Correa, Julio C. and V{\'{a}}squez, Rafael E.},
    number = {1},
    month = {7},
    pages = {1151--1156},
    volume = {50},
    url = {https://linkinghub.elsevier.com/retrieve/pii/S2405896317307474},
    doi = {10.1016/j.ifacol.2017.08.400},
    issn = {24058963}
}

@article{Storn1997DifferentialSpaces,
    title = {{Differential Evolution - A Simple and Efficient Heuristic for Global Optimization over Continuous Spaces}},
    year = {1997},
    journal = {Journal of Global Optimization},
    author = {Storn, Rainer and Price, Kenneth},
    isbn = {0925-5001},
    doi = {10.1023/A:1008202821328},
    issn = {09255001},
    pmid = {2015},
    arxivId = {NIHMS150003},
    keywords = {Evolution strategy, Genetic algorithm, Global optimization, Nonlinear optimization, Stochastic optimization}
}

@article{Storn1997DifferentialSpacesb,
    title = {{Differential Evolution – A Simple and Efficient Heuristic for global Optimization over Continuous Spaces}},
    year = {1997},
    journal = {Journal of Global Optimization},
    author = {Storn, Rainer and Price, Kenneth},
    number = {4},
    pages = {341--359},
    volume = {11},
    publisher = {Kluwer Academic Publishers},
    url = {http://link.springer.com/10.1023/A:1008202821328},
    doi = {10.1023/A:1008202821328},
    issn = {09255001}
}

@inproceedings{Clerc2000DiscreteProblem,
    title = {{Discrete particle swarm optimization, illustrated by the traveling salesman problem}},
    year = {2000},
    booktitle = {New optimization techniques in engineering},
    author = {Clerc, M},
    isbn = {978-3-540-39930-8},
    doi = {10.1007/978-3-540-39930-8{\_}8},
    issn = {0018-9340}
}

@article{Kopetz1989DistributedApproach,
    title = {{Distributed Fault-tolerant Real-Time Systems: the Mars Approach}},
    year = {1989},
    journal = {IEEE Micro},
    author = {Kopetz, H. and Damm, A. and Koza, C. and Mulazzani, M. and Schwabl, W. and Senft, C. and Zainlinger, R.},
    number = {1},
    month = {2},
    pages = {25--40},
    volume = {9},
    doi = {10.1109/40.16792},
    issn = {0272-1732}
}

@inproceedings{Farfeleder2011DODT:Development,
    title = {{DODT: Increasing requirements formalism using domain ontologies for improved embedded systems development}},
    year = {2011},
    booktitle = {Proceedings of the 2011 IEEE Symposium on Design and Diagnostics of Electronic Circuits and Systems, DDECS 2011},
    author = {Farfeleder, Stefan and Moser, Thomas and Krall, Andreas and St{\aa}lhane, Tor and Zojer, Herbert and Panis, Christian},
    isbn = {9781424497560},
    doi = {10.1109/DDECS.2011.5783092}
}

@book{TurkiyeBilimselveTeknikArastrmaKurumu.2017ElektrikSciences.,
    title = {{Elektrik : Turkish journal of electrical engineering {\&}amp; computer sciences.}},
    year = {2017},
    booktitle = {TURKISH JOURNAL OF ELECTRICAL ENGINEERING {\&} COMPUTER SCIENCES},
    author = {Türkiye Bilimsel ve Teknik Araştırma Kurumu., MEHDI and Elektrik Mühendisleri Odası (Turkey), SONIA and OUNI, BOURAOUI and MTIBAA, ABDELLATIF},
    number = {2},
    month = {4},
    pages = {901--912},
    volume = {25},
    publisher = {Scientific and Technical Research Council of Turkey (TÜBİTAK) and Chamber of Electrical Engineers (EMO-TMMOB)},
    url = {http://journals.tubitak.gov.tr/elektrik/abstract.htm?id=20280},
    issn = {1300-0632},
    keywords = {Combinatorial optimization, hardware-software partitioning, heuristics, metaheuristics, neighborhood search, tabu search}
}

@article{Ebert2009EmbeddedFuture,
    title = {{Embedded Software: Facts, Figures, and Future}},
    year = {2009},
    journal = {Computer},
    author = {Ebert, Christof and Jones, Capers},
    number = {4},
    month = {4},
    pages = {42--52},
    volume = {42},
    url = {http://ieeexplore.ieee.org/document/5054871/},
    doi = {10.1109/MC.2009.118},
    issn = {0018-9162}
}

@article{Sangiovanni-Vincentelli2007EmbeddedApplications,
    title = {{Embedded System Design for Automotive Applications}},
    year = {2007},
    journal = {Computer},
    author = {Sangiovanni-Vincentelli, Alberto and Di Natale, Marco},
    number = {10},
    month = {10},
    pages = {42--51},
    volume = {40},
    doi = {10.1109/MC.2007.344},
    issn = {0018-9162}
}

@misc{Lavrakas2008EncyclopediaMethods,
    title = {{Encyclopedia of survey research methods}},
    year = {2008},
    booktitle = {SAGE Publications Ltd},
    author = {Lavrakas, P. J.},
    isbn = {978-1-4129-1808-4},
    doi = {10.4135/9781412963947},
    issn = {19333153},
    pmid = {305522151}
}

@article{Becker2017End-to-endSystems,
    title = {{End-to-end timing analysis of cause-effect chains in automotive embedded systems}},
    year = {2017},
    journal = {Journal of Systems Architecture},
    author = {Becker, Matthias and Dasari, Dakshina and Mubeen, Saad and Behnam, Moris and Nolte, Thomas},
    doi = {10.1016/j.sysarc.2017.09.004},
    issn = {13837621}
}

@inproceedings{Heath2005EnergyClusters,
    title = {{Energy Conservation in Heterogeneous Server Clusters}},
    year = {2005},
    booktitle = {Proceedings of the tenth ACM SIGPLAN symposium on Principles and practice of parallel programming - PPoPP '05},
    author = {Heath, Taliver and Diniz, Bruno and Carrera, Enrique V. and Jr., Wagner Meira and Bianchini, Ricardo},
    pages = {186},
    publisher = {ACM Press},
    address = {New York, New York, USA},
    isbn = {1595930809},
    doi = {10.1145/1065944.1065969},
    keywords = {energy conservation, heterogeneity, server clusters}
}

@inproceedings{Schwitter2002EnglishLanguage,
    title = {{English as a formal specification language}},
    year = {2002},
    booktitle = {Proceedings. 13th International Workshop on Database and Expert Systems Applications},
    author = {Schwitter, R},
    pages = {228--232},
    publisher = {IEEE Comput. Soc},
    url = {http://ieeexplore.ieee.org/xpls/abs_all.jsp?arnumber=1045903 http://ieeexplore.ieee.org/document/1045903/},
    isbn = {0-7695-1668-8},
    doi = {10.1109/DEXA.2002.1045903},
    issn = {15294188}
}

@inproceedings{Mahmud2014EvaluatingPlatform,
    title = {{Evaluating industrial applicability of virtualization on a distributed multicore platform}},
    year = {2014},
    booktitle = {19th IEEE International Conference on Emerging Technologies and Factory Automation, ETFA 2014},
    author = {Mahmud, N. and Sandstr{\"{o}}m, K. and Vulgarakis, A.},
    number = {},
    volume = {},
    isbn = {9781479948468},
    doi = {10.1109/ETFA.2014.7005062}
}

@incollection{Mohagheghi2008EvaluatingPromises,
    title = {{Evaluating Software Development Methodologies Based on their Practices and Promises}},
    year = {2008},
    booktitle = {New Trends in Software Methodologies, Tools and Techniques},
    author = {Mohagheghi, Parastoo},
    pages = {14--35},
    volume = {182},
    isbn = {1586039164},
    doi = {10.3233/978-1-58603-916-5-14}
}

@misc{Galletly1998EvolutionaryAlgorithms,
    title = {{Evolutionary algorithms in theory and practice: Evolution strategies, evolutionary programming, genetic algorithms}},
    year = {1998},
    booktitle = {Kybernetes},
    author = {Galletly, John},
    isbn = {0195356705},
    doi = {10.1108/k.1998.27.8.979.4},
    issn = {0368492X},
    keywords = {Algorithms, Cybernetics, Evolution strategies, Optimization}
}

@book{Iba2018EvolutionaryNetworks,
    title = {{Evolutionary approach to machine learning and deep neural networks: Neuro-evolution and gene regulatory networks}},
    year = {2018},
    booktitle = {Evolutionary Approach to Machine Learning and Deep Neural Networks: Neuro-Evolution and Gene Regulatory Networks},
    author = {Iba, Hitoshi},
    isbn = {9789811302008},
    doi = {10.1007/978-981-13-0200-8}
}

@incollection{Lucet1999ExactReliability,
    title = {{Exact Methods to Compute Network Reliability}},
    year = {1999},
    booktitle = {Statistical and Probabilistic Models in Reliability},
    author = {Lucet, Corinne and Manouvrier, Jean-François},
    pages = {279--294},
    publisher = {Birkh{\"{a}}user Boston},
    address = {Boston, MA},
    doi = {10.1007/978-1-4612-1782-4{\_}20}
}

@inproceedings{Sims2007ExperienceReport,
    title = {{Experience report}},
    year = {2007},
    booktitle = {Proceedings of the 2007 ACM SIGPLAN international conference on Functional programming  - ICFP '07},
    author = {Sims, Steve and DuVarney, Daniel C.},
    pages = {137},
    publisher = {ACM Press},
    url = {http://portal.acm.org/citation.cfm?doid=1291151.1291172},
    address = {New York, New York, USA},
    isbn = {9781595938152},
    doi = {10.1145/1291151.1291172}
}

@misc{Shih2004ExtendedBehavior,
    title = {{Extended technology acceptance model of Internet utilization behavior}},
    year = {2004},
    booktitle = {Information and Management},
    author = {Shih, Hung Pin},
    number = {6},
    pages = {719--729},
    volume = {41},
    url = {www.sciencedirect.com/science/article/pii/S0378720603001216},
    isbn = {0378-7206},
    doi = {10.1016/j.im.2003.08.009},
    issn = {03787206},
    keywords = {Belief-attitude-performance chain, Information use behavior, Internet, Intranet, Technology acceptance model (TAM)}
}

@book{Dubrova2013Fault-TolerantDesign,
    title = {{Fault-Tolerant Design}},
    year = {2013},
    author = {Dubrova, Elena},
    publisher = {Springer New York},
    address = {New York, NY},
    isbn = {978-1-4614-2112-2},
    doi = {10.1007/978-1-4614-2113-9}
}

@article{Joseph1986FINDINGSYSTEM.,
    title = {{FINDING RESPONSE TIMES IN A REAL-TIME SYSTEM.}},
    year = {1986},
    journal = {Computer Journal},
    author = {Joseph, M. and Pandya, P.},
    isbn = {9788578110796},
    doi = {10.1093/comjnl/29.5.390},
    issn = {00104620},
    pmid = {25246403},
    arxivId = {arXiv:1011.1669v3}
}

@article{Abrial2006FormalFuture,
    title = {{Formal Methods in Industry: Achievements, Problems, Future}},
    year = {2006},
    journal = {Proceedings of the 28th International Conference on Software Engineering},
    author = {Abrial, Jean-Raymond},
    isbn = {1-59593-375-1},
    doi = {10.1145/1134285.1134406},
    issn = {02705257},
    keywords = {B, correctness, development process, formal method, train system}
}

@article{Chen2012FormalDiagrams,
    title = {{Formal modeling and validation of Stateflow diagrams}},
    year = {2012},
    journal = {International Journal on Software Tools for Technology Transfer},
    author = {Chen, Chunqing and Sun, Jun and Liu, Yang and Dong, Jin Song and Zheng, Manchun},
    number = {6},
    month = {11},
    pages = {653--671},
    volume = {14},
    url = {http://link.springer.com/10.1007/s10009-012-0235-0},
    doi = {10.1007/s10009-012-0235-0},
    issn = {1433-2779}
}

@article{Cabral2008FormalDocuments,
    title = {{Formal Specification Generation from Requirement Documents}},
    year = {2008},
    journal = {Electronic Notes in Theoretical Computer Science},
    author = {Cabral, Gustavo and Sampaio, Augusto},
    month = {1},
    pages = {171--188},
    volume = {195},
    url = {http://linkinghub.elsevier.com/retrieve/pii/S1571066108000182},
    doi = {10.1016/j.entcs.2007.08.032},
    issn = {15710661}
}

@incollection{Nellen2018FormalRecommendations,
    title = {{Formal Verification of Automotive Simulink Controller Models: Empirical Technical Challenges, Evaluation and Recommendations}},
    year = {2018},
    author = {Nellen, Johanna and Rambow, Thomas and Waez, Md Tawhid Bin and {\'{A}}brah{\'{a}}m, Erika and Katoen, Joost-Pieter},
    month = {7},
    pages = {382--398},
    publisher = {Springer, Cham},
    url = {http://link.springer.com/10.1007/978-3-319-95582-7_23},
    doi = {10.1007/978-3-319-95582-7{\_}23}
}

@inproceedings{Caspi2003FromTTA,
    title = {{From simulink to SCADE/lustre to TTA}},
    year = {2003},
    booktitle = {Proceedings of the 2003 ACM SIGPLAN conference on Language, compiler, and tool for embedded systems  - LCTES '03},
    author = {Caspi, Paul and Curic, Adrian and Maignan, Aude and Sofronis, Christos and Tripakis, Stavros and Niebert, Peter},
    pages = {153},
    publisher = {ACM Press},
    url = {http://portal.acm.org/citation.cfm?doid=780732.780754},
    address = {New York, New York, USA},
    isbn = {1581136471},
    doi = {10.1145/780732.780754}
}

@inproceedings{Jiang2016FromDesign,
    title = {{From Stateflow Simulation to Verified Implementation: A Verification Approach and A Real-Time Train Controller Design}},
    year = {2016},
    booktitle = {2016 IEEE Real-Time and Embedded Technology and Applications Symposium (RTAS)},
    author = {Jiang, Yu and Yang, Yixiao and Liu, Han and Kong, Hui and Gu, Ming and Sun, Jiaguang and Sha, Lui},
    month = {4},
    pages = {1--11},
    publisher = {IEEE},
    url = {http://ieeexplore.ieee.org/document/7461337/},
    isbn = {978-1-4673-8639-5},
    doi = {10.1109/RTAS.2016.7461337}
}

@article{Economou2006Full-SystemEnvironments,
    title = {{Full-System Power Analysis and Modeling for Server Environments}},
    year = {2006},
    journal = {Workshop on Modeling, Benchmarking and Simulation (MoBS)},
    author = {Economou, Dimitris and Rivoire, Suzanne and Kozyrakis, Christos and Ranganathan, Partha},
    number = {3},
    pages = {807--812},
    url = {http://ieeexplore.ieee.org/xpls/abs_all.jsp?arnumber=5523620},
    isbn = {9781450300025},
    issn = {0738-100X},
    keywords = {gaussian mix-, power, regression, ture models, virtualization, workload characterization}
}

@article{Braun2014GuidingApproach,
    title = {{Guiding requirements engineering for software-intensive embedded systems in the automotive industry: The REMsES approach}},
    year = {2014},
    journal = {Computer Science - Research and Development},
    author = {Braun, Peter and Broy, Manfred and Houdek, Frank and Kirchmayr, Matthias and M{\"{u}}ller, Mark and Penzenstadler, Birgit and Pohl, Klaus and Weyer, Thorsten},
    isbn = {1865-2034},
    doi = {10.1007/s00450-010-0136-y},
    issn = {18652034},
    keywords = {Methodologies, Requirements, Software engineering, Specifications, Tools}
}

@book{Gonzalez2007HandbookMetaheuristics,
    title = {{Handbook of approximation algorithms and metaheuristics}},
    year = {2007},
    booktitle = {Handbook of Approximation Algorithms and Metaheuristics},
    author = {Gonzalez, Teofilo F.},
    isbn = {9781420010749},
    doi = {10.1201/9781420010749},
    issn = {0010-4620},
    pmid = {14703125},
    arxivId = {arXiv:1011.1669v3}
}

@book{2006HandbookMetaheuristics,
    title = {{Handbook of Metaheuristics}},
    year = {2006},
    booktitle = {Handbook of Metaheuristics},
    isbn = {1-4020-7263-5},
    doi = {10.1007/b101874},
    issn = {978-1-4419-1665-5},
    pmid = {12923581},
    arxivId = {arXiv:math/0102188v1},
    archivePrefix = {arXiv},
    eprint = {0102188v1},
    primaryClass = {math}
}

@article{Biere2009HandbookSatisfiability,
    title = {{Handbook of Satisfiability}},
    year = {2009},
    journal = {New York},
    author = {Biere, Armin and Heule, Marijn and Maaren, Hans van and Walsh, Toby},
    number = {3},
    pages = {980},
    volume = {185},
    isbn = {978-1-58603-929-5},
    doi = {10.3233/978-1-58603-929-5-457},
    issn = {09226389},
    pmid = {15003161},
    arxivId = {arXiv:1011.1669v3}
}

@incollection{Dubrova2013HardwareRedundancy,
    title = {{Hardware Redundancy}},
    year = {2013},
    booktitle = {Fault-Tolerant Design},
    author = {Dubrova, Elena},
    pages = {55--86},
    publisher = {Springer New York},
    url = {http://link.springer.com/10.1007/978-1-4614-2113-9_4},
    address = {New York, NY},
    doi = {10.1007/978-1-4614-2113-9{\_}4}
}

@article{Wolf1994Hardware-softwareSystems,
    title = {{Hardware-software Co-design of Embedded Systems}},
    year = {1994},
    journal = {Proceedings of the IEEE},
    author = {Wolf, W.H.},
    number = {7},
    month = {7},
    pages = {967--989},
    volume = {82},
    isbn = {0792399366},
    doi = {10.1109/5.293155},
    issn = {00189219}
}

@inproceedings{SrinivasanHardware-softwareSystems,
    title = {{Hardware-software Co-synthesis of Fault-tolerant Real-time Distributed Embedded Systems}},
    booktitle = {Proceedings of EURO-DAC. European Design Automation Conference},
    author = {Srinivasan, S. and Jha, N.K.},
    pages = {334--339},
    publisher = {IEEE Comput. Soc. Press},
    isbn = {0-8186-7156-4},
    doi = {10.1109/EURDAC.1995.527426}
}

@article{Abid1998Hardware/softwareSystems,
    title = {{Hardware/software co-design Methodology for Design of Embedded Systems}},
    year = {1998},
    journal = {Integrated Computer-Aided Engineering},
    author = {Abid, M. and Ben Ismail, T. and Changuel, A. and Valderrama, C. A. and Romdhani, M. and Marchioro, G. F. and Daveau, J. M. and Jerraya, A. A.},
    number = {1},
    pages = {69--83},
    volume = {5},
    issn = {1069-2509},
    keywords = {codesign{\_}abid1998}
}

@article{Teich2012Hardware/SoftwareFuture,
    title = {{Hardware/Software Codesign: The Past, the Present, and Predicting the Future}},
    year = {2012},
    journal = {Proceedings of the IEEE},
    author = {Teich, Jürgen},
    number = {Special Centennial Issue},
    month = {5},
    pages = {1411--1430},
    volume = {100},
    doi = {10.1109/JPROC.2011.2182009},
    issn = {0018-9219}
}

@inproceedings{AbeniIntegratingSystems,
    title = {{Integrating multimedia applications in hard real-time systems}},
    booktitle = {Proceedings 19th IEEE Real-Time Systems Symposium (Cat. No.98CB36279)},
    author = {Abeni, L. and Buttazzo, G.},
    pages = {4--13},
    publisher = {IEEE Comput. Soc},
    url = {http://ieeexplore.ieee.org/document/739726/},
    isbn = {0-8186-9212-X},
    doi = {10.1109/REAL.1998.739726}
}

@book{Lee2011IntroductionApproach,
    title = {{Introduction to Embedded Systems: A Cyber-Physical Systems Approach}},
    year = {2011},
    booktitle = {LeeSeshia.org},
    author = {Lee, Edward Ashford and Seshia, Sanjit Arunkumarr},
    isbn = {9780557708574},
    doi = {10.1007/SpringerReference{\{}{\_}{\}}71006}
}

@incollection{Ha2017IntroductionCodesign,
    title = {{Introduction to Hardware/Software Codesign}},
    year = {2017},
    booktitle = {Handbook of Hardware/Software Codesign},
    author = {Ha, Soonhoi and Teich, Jürgen and Haubelt, Christian and Gla{\ss}, Michael and Mitra, Tulika and D{\"{o}}mer, Rainer and Eles, Petru and Shrivastava, Aviral and Gerstlauer, Andreas and Bhattacharyya, Shuvra S.},
    pages = {1--24},
    publisher = {Springer Netherlands},
    address = {Dordrecht},
    doi = {10.1007/978-94-017-7358-4{\_}41-1}
}

@incollection{Chen2005Java-MOP:Java,
    title = {{Java-MOP: A Monitoring Oriented Programming Environment for Java}},
    year = {2005},
    author = {Chen, Feng and Ro{\c{s}}u, Grigore},
    pages = {546--550},
    url = {http://link.springer.com/10.1007/978-3-540-31980-1_36},
    doi = {10.1007/978-3-540-31980-1{\_}36}
}

@article{Cavas-Martinez2017KeratoconusAnalysis,
    title = {{Keratoconus Detection Based on a New Corneal Volumetric Analysis}},
    year = {2017},
    journal = {Scientific Reports},
    author = {Cavas-Mart{\'{i}}nez, Francisco and Bataille, Laurent and Fern{\'{a}}ndez-Pacheco, Daniel G. and Ca{\~{n}}avate, Francisco J. F. and Alio, Jorge L.},
    number = {1},
    month = {12},
    pages = {15837},
    volume = {7},
    url = {http://www.nature.com/articles/s41598-017-16145-3},
    doi = {10.1038/s41598-017-16145-3},
    issn = {2045-2322}
}

@article{Cavas-Martinez2017KeratoconusAnalysisb,
    title = {{Keratoconus Detection Based on a New Corneal Volumetric Analysis}},
    year = {2017},
    journal = {Scientific Reports},
    author = {Cavas-Mart{\'{i}}nez, Francisco and Bataille, Laurent and Fern{\'{a}}ndez-Pacheco, Daniel G. and Ca{\~{n}}avate, Francisco J. F. and Alio, Jorge L.},
    number = {1},
    month = {12},
    pages = {15837},
    volume = {7},
    url = {http://www.nature.com/articles/s41598-017-16145-3},
    doi = {10.1038/s41598-017-16145-3},
    issn = {2045-2322}
}

@incollection{Khosrowjerdi2017Learning-BasedApplications,
    title = {{Learning-Based Testing for Safety Critical Automotive Applications}},
    year = {2017},
    author = {Khosrowjerdi, Hojat and Meinke, Karl and Rasmusson, Andreas},
    pages = {197--211},
    url = {http://link.springer.com/10.1007/978-3-319-64119-5_13},
    doi = {10.1007/978-3-319-64119-5{\_}13}
}

@book{JamesB.Dabney2003MasteringSimulink,
    title = {{Mastering Simulink}},
    year = {2003},
    author = {James B. Dabney, Thomas L. Harman},
    pages = {400},
    publisher = {Pearson},
    isbn = {0131424777},
    keywords = {Simulink, mathworks, matlab}
}

@inproceedings{Boyd2005MeasuringStudy,
    title = {{Measuring the expressiveness of a constrained natural language: an empirical study}},
    year = {2005},
    booktitle = {13th IEEE International Conference on Requirements Engineering (RE'05)},
    author = {Boyd, S. and Zowghi, D. and Farroukh, A.},
    pages = {339--349},
    isbn = {0-7695-2425-7},
    doi = {10.1109/RE.2005.39},
    issn = {1090705X}
}

@article{Osman2005Metaheuristics:Bibliography,
    title = {{Metaheuristics: A bibliography}},
    year = {2005},
    journal = {Annals of Operations Research},
    author = {Osman, Ibrahim H. and Laporte, Gilbert},
    doi = {10.1007/bf02125421},
    issn = {0254-5330}
}

@book{Talbi2009Metaheuristics:Implementation,
    title = {{Metaheuristics: From Design to Implementation}},
    year = {2009},
    booktitle = {Metaheuristics: From Design to Implementation},
    author = {Talbi, El Ghazali},
    isbn = {9780470278581},
    doi = {10.1002/9780470496916},
    issn = {1751-8113},
    pmid = {15003161},
    arxivId = {1011.1669}
}

@techreport{AUTOSAR2017Methodology,
    title = {{Methodology}},
    year = {2017},
    author = {{AUTOSAR}},
    pages = {520},
    url = {https://www.autosar.org/fileadmin/user_upload/standards/classic/4-3/AUTOSAR_TR_Methodology.pdf},
    institution = {AUTOSAR},
    keywords = {Release 4.3.1}
}

@inproceedings{Guthaus2001MiBench:Suite,
    title = {{MiBench: A Free, Commercially Representative Embedded Bbenchmark Suite}},
    year = {2001},
    booktitle = {2001 IEEE International Workshop on Workload Characterization, WWC 2001},
    author = {Guthaus, M. R. and Ringenberg, J. S. and Ernst, D. and Austin, T. M. and Mudge, T. and Brown, R. B.},
    pages = {3--14},
    isbn = {0780373154},
    doi = {10.1109/WWC.2001.990739}
}

@inproceedings{Burns2013MixedNetwork,
    title = {{Mixed Criticality on Controller Area Network}},
    year = {2013},
    booktitle = {2013 25th Euromicro Conference on Real-Time Systems},
    author = {Burns, A. and Davis, R.I.},
    month = {7},
    pages = {125--134},
    publisher = {IEEE},
    url = {http://ieeexplore.ieee.org/document/6602094/},
    isbn = {978-0-7695-5054-1},
    doi = {10.1109/ECRTS.2013.23}
}

@article{Burns2017MixedReview,
    title = {{Mixed Criticality Systems - A Review}},
    year = {2017},
    journal = {Department of Computer Science, University of York, Tech. Rep},
    author = {Burns, Alan and Davis, Robert},
    doi = {10.1007/978-3-540-28642-4{\_}26}
}

@article{Carvalho2016ModellingRequirements,
    title = {{Modelling timed reactive systems from natural-language requirements}},
    year = {2016},
    journal = {Formal Aspects of Computing},
    author = {Carvalho, Gustavo and Cavalcanti, Ana and Sampaio, Augusto},
    number = {5},
    month = {9},
    pages = {725--765},
    volume = {28},
    url = {http://link.springer.com/10.1007/s00165-016-0387-x},
    doi = {10.1007/s00165-016-0387-x},
    issn = {0934-5043}
}

@inproceedings{Chen2007Mop,
    title = {{Mop}},
    year = {2007},
    booktitle = {Proceedings of the 22nd annual ACM SIGPLAN conference on Object oriented programming systems and applications  - OOPSLA '07},
    author = {Chen, Feng and Ro{\c{s}}u, Grigore},
    pages = {569},
    publisher = {ACM Press},
    url = {http://portal.acm.org/citation.cfm?doid=1297027.1297069},
    address = {New York, New York, USA},
    isbn = {9781595937865},
    doi = {10.1145/1297027.1297069}
}

@article{Bucaioni2018MoVES:Systems,
    title = {{MoVES: A Model-driven Methodology for Vehicular Embedded Systems}},
    year = {2018},
    journal = {IEEE Access},
    author = {Bucaioni, Alessio and Addazi, Lorenzo and Cicchetti, Antonio and Ciccozzi, Federico and Eramo, Romina and Mubeen, Saad and Sjodin, Mikael},
    pages = {6424--6445},
    volume = {6},
    doi = {10.1109/ACCESS.2018.2789400},
    issn = {21693536},
    keywords = {Component model, EAST-ADL, Model transformations, Model-driven development, Vehicular embedded systems}
}

@incollection{Rector2006OntologicalGALEN,
    title = {{Ontological and Practical Issues in Using a Description Logic to Represent Medical Concept Systems: Experience from GALEN}},
    year = {2006},
    author = {Rector, Alan and Rogers, Jeremy},
    pages = {197--231},
    publisher = {Springer, Berlin, Heidelberg},
    url = {http://link.springer.com/10.1007/11837787_9},
    doi = {10.1007/11837787{\_}9}
}

@inproceedings{Farfeleder2011Ontology-drivenElicitation,
    title = {{Ontology-driven guidance for requirements elicitation}},
    year = {2011},
    booktitle = {Lecture Notes in Computer Science (including subseries Lecture Notes in Artificial Intelligence and Lecture Notes in Bioinformatics)},
    author = {Farfeleder, Stefan and Moser, Thomas and Krall, Andreas and St{\aa}alhane, Tor and Omoronyia, Inah and Zojer, Herbert},
    isbn = {9783642210631},
    doi = {10.1007/978-3-642-21064-8{\_}15},
    issn = {03029743},
    keywords = {domain ontology, elicitation guidance, requirements elicitation, requirements engineering}
}

@incollection{Farfeleder2011Ontology-DrivenElicitationb,
    title = {{Ontology-Driven Guidance for Requirements Elicitation}},
    year = {2011},
    author = {Farfeleder, Stefan and Moser, Thomas and Krall, Andreas and St{\aa}lhane, Tor and Omoronyia, Inah and Zojer, Herbert},
    pages = {212--226},
    publisher = {Springer, Berlin, Heidelberg},
    url = {http://link.springer.com/10.1007/978-3-642-21064-8_15},
    doi = {10.1007/978-3-642-21064-8{\_}15}
}

@incollection{Mankovskii2009OWL:Language,
    title = {{OWL: Web Ontology Language}},
    year = {2009},
    booktitle = {Encyclopedia of Database Systems},
    author = {Mankovskii, Serguei and Gogolla, Martin and Urban, Susan D. and Dietrich, Suzanne W. and Urban, Susan D. and Dietrich, Suzanne W. and Yang, Ming-Hsuan and Dobbie, Gillian and Ling, Tok Wang and Halpin, Terry and Kemme, Bettina and Schweikardt, Nicole and Abell{\'{o}}, Alberto and Romero, Oscar and Jimenez-Peris, Ricardo and Stevens, Robert and Lord, Phillip and Gruber, Tom and Leenheer, Pieter De and Gal, Avigdor and Bechhofer, Sean and Paton, Norman W. and Li, Changqing and Buchmann, Alejandro and Hardavellas, Nikos and Pandis, Ippokratis and Liu, Bing and Shapiro, Marc and Bellatreche, Ladjel and Gray, Peter M. D. and Aalst, W. M. P. and Palmer, Nathaniel and Palmer, Nathaniel and Risch, Tore and Galuba, Wojciech and Girdzijauskas, Sarunas and Bechhofer, Sean},
    pages = {2008--2009},
    publisher = {Springer US},
    url = {http://www.springerlink.com/index/10.1007/978-0-387-39940-9_1073},
    address = {Boston, MA},
    doi = {10.1007/978-0-387-39940-9{\_}1073}
}

@inproceedings{Ferrante2012ParallelSystems,
    title = {{Parallel NuSMV: A NuSMV extension for the verification of complex embedded systems}},
    year = {2012},
    booktitle = {Lecture Notes in Computer Science (including subseries Lecture Notes in Artificial Intelligence and Lecture Notes in Bioinformatics)},
    author = {Ferrante, Orlando and Benvenuti, Luca and Mangeruca, Leonardo and Sofronis, Christos and Ferrari, Alberto},
    isbn = {9783642336744},
    doi = {10.1007/978-3-642-33675-1{\_}38},
    issn = {03029743},
    keywords = {contract-based design, embedded systems, formal verification, model checking}
}

@article{Iqbal2010ParMiBenchSystems,
    title = {{ParMiBench - An Open-source Benchmark for Embedded Multiprocessor Systems}},
    year = {2010},
    journal = {IEEE Computer Architecture Letters},
    author = {Iqbal, Syed Muhammad Zeeshan and Liang, Yuchen and Grahn, Håkan},
    number = {2},
    pages = {45--48},
    volume = {9},
    doi = {10.1109/L-CA.2010.14},
    issn = {15566056},
    keywords = {Concurrent Programming, Multiprocessor Systems, Performance Evaluation}
}

@incollection{Mirjalili2019ParticleOptimisation,
    title = {{Particle swarm optimisation}},
    year = {2019},
    booktitle = {Studies in Computational Intelligence},
    author = {Mirjalili, Seyedali},
    isbn = {978-0-387-30768-8},
    doi = {10.1007/978-3-319-93025-1{\_}2},
    issn = {1860949X},
    pmid = {20491054},
    arxivId = {arXiv:cs/0510023v1},
    archivePrefix = {arXiv},
    eprint = {0510023v1},
    primaryClass = {cs}
}

@article{Kennedy1995ParticleOptimization,
    title = {{Particle swarm optimization}},
    year = {1995},
    journal = {Neural Networks, 1995. Proceedings., IEEE International Conference on},
    author = {Kennedy, J. and Eberhart, R. and Coello, Carlos A Coello and Pulido, Gregorio Toscano and Lechuga, Maximino Salazar and Kennedy, J. and Eberhart, R. and Coello, Carlos A Coello and Pulido, Gregorio Toscano and Lechuga, Maximino Salazar and Scholarpedia, From},
    isbn = {VO - 4},
    doi = {10.1109/ICNN.1995.488968},
    issn = {19353812},
    pmid = {20371407},
    arxivId = {arXiv:1011.1669v3},
    keywords = {Artificial intelligence, Artificial neural networks, Birds, Educational institutions, Genetic algorithms, Humans, Marine animals, Optimization, Optimization methods, Particle swarm, Particle swarm optimization, Performance evaluation, Simulation, Testing, artificial intelligence, artificial life, biomedical, computational intelligence, computelligence, data analysis, evolution, genetic algorithms, multidimensional search, neural nets, neural network, nonlinear functions, optimization, particle swarm, particle swarm optimization, pso, search problems, simulation, social metaphor, swarm intelligence, xiaohui hu}
}

@article{2016ParticleOptimization,
    title = {{Particle swarm optimization}},
    year = {2016},
    journal = {SpringerBriefs in Applied Sciences and Technology},
    isbn = {0-7803-2768-3},
    doi = {10.1007/978-3-319-19635-0{\_}1},
    issn = {21915318},
    pmid = {20371407},
    arxivId = {9780201398298},
    keywords = {Case studies, Optimization, PSO, Swarm intelligence}
}

@article{Sengupta2018ParticlePerspectives,
    title = {{Particle Swarm Optimization: A survey of historical and recent developments with hybridization perspectives}},
    year = {2018},
    journal = {arXiv:1804.05319},
    author = {Sengupta, Saptarshi and Basak, Sanchita and Alan, Richard and Ii, Peters},
    doi = {10.20944/preprints201809.0007.v1},
    issn = {2504-4990},
    arxivId = {1804.05319},
    keywords = {Applications of PSO, Approximate Algorithms, Evolutionary Computation, Heuristic Search, Hybrid Algorithms, Intelligent Agents, Optimization, Particle Swarm Optimization, Robotics and Autonomous Systems, Swarm Intelligence}
}

@article{Sengupta2018ParticlePerspectivesb,
    title = {{Particle Swarm Optimization: A survey of historical and recent developments with hybridization perspectives}},
    year = {2018},
    journal = {arXiv:1804.05319},
    author = {Sengupta, Saptarshi and Basak, Sanchita and Alan, Richard and Ii, Peters},
    doi = {10.20944/preprints201809.0007.v1},
    issn = {2504-4990},
    arxivId = {1804.05319},
    keywords = {Applications of PSO, Approximate Algorithms, Evolutionary Computation, Heuristic Search, Hybrid Algorithms, Intelligent Agents, Optimization, Particle Swarm Optimization, Robotics and Autonomous Systems, Swarm Intelligence}
}

@article{Rini2011ParticleChallenges,
    title = {{Particle Swarm Optimization: Technique, System and Challenges}},
    year = {2011},
    journal = {International Journal of Applied Information Systems},
    author = {Rini, Dian Palupi and Shamsuddin, Siti Mariyam},
    isbn = {9780470612163},
    doi = {10.5120/ijais-3651},
    issn = {22490868},
    pmid = {14208342},
    arxivId = {arXiv:1011.1669v3}
}

@incollection{Sun2009PAT:Fairness,
    title = {{PAT: Towards Flexible Verification under Fairness}},
    year = {2009},
    author = {Sun, Jun and Liu, Yang and Dong, Jin Song and Pang, Jun},
    pages = {709--714},
    url = {http://link.springer.com/10.1007/978-3-642-02658-4_59},
    doi = {10.1007/978-3-642-02658-4{\_}59}
}

@article{Gruhn2006PatternsSpecifications,
    title = {{Patterns for Timed Property Specifications}},
    year = {2006},
    journal = {Electronic Notes in Theoretical Computer Science},
    author = {Gruhn, Volker and Laue, Ralf},
    doi = {10.1016/j.entcs.2005.10.035},
    issn = {15710661},
    keywords = {formal specification, patterns, real-time, verification}
}

@inproceedings{Dwyer1999PatternsVerification,
    title = {{Patterns in property specifications for finite-state verification}},
    year = {1999},
    booktitle = {Proceedings of the 21st international conference on Software engineering - ICSE '99},
    author = {Dwyer, Matthew B. and Avrunin, George S. and Corbett, James C.},
    pages = {411--420},
    publisher = {ACM Press},
    url = {http://portal.acm.org/citation.cfm?doid=302405.302672},
    address = {New York, New York, USA},
    isbn = {1581130740},
    doi = {10.1145/302405.302672}
}

@inproceedings{Dwyer1999PatternsVerificationb,
    title = {{Patterns in property specifications for finite-state verification}},
    year = {1999},
    booktitle = {Proceedings of the 21st international conference on Software engineering - ICSE '99},
    author = {Dwyer, Matthew B. and Avrunin, George S. and Corbett, James C.},
    isbn = {1581130740},
    doi = {10.1145/302405.302672},
    issn = {0270-5257}
}

@article{Davis1989PerceivedTechnology,
    title = {{Perceived Usefulness, Perceived Ease of Use, and User Acceptance of Information Technology}},
    year = {1989},
    journal = {Management Information Systems Quarterly},
    author = {Davis, Fred D},
    number = {3},
    pages = {319--340},
    volume = {13},
    url = {http://www.jstor.org/stable/249008},
    isbn = {0276-7783},
    doi = {10.2307/249008},
    issn = {02767783},
    pmid = {4679168}
}

@inproceedings{Pedram2010PowerSystem,
    title = {{Power and performance modeling in a virtualized server system}},
    year = {2010},
    booktitle = {Proceedings of the International Conference on Parallel Processing Workshops},
    author = {Pedram, Massoud and Hwang, Inkwon},
    pages = {520--526},
    isbn = {9780769541570},
    doi = {10.1109/ICPPW.2010.76},
    issn = {15302016},
    keywords = {Consolidation, Energy efficiency, Modeling, Resource sharing, Scheduling, Virtulization}
}

@inproceedings{Pedram2010PowerSystemb,
    title = {{Power and Performance Modeling in a Virtualized Server System}},
    year = {2010},
    booktitle = {2010 39th International Conference on Parallel Processing Workshops},
    author = {Pedram, Massoud and Hwang, Inkwon},
    month = {9},
    pages = {520--526},
    publisher = {IEEE},
    isbn = {978-1-4244-7918-4},
    doi = {10.1109/ICPPW.2010.76}
}

@inproceedings{Najm1995PowerCircuits,
    title = {{Power Estimation Techniques for Integrated Circuits}},
    year = {1995},
    booktitle = {Computer-Aided Design, 1995. ICCAD-95. Digest of Technical Papers., 1995 IEEE/ACM International Conference on},
    author = {Najm, F N},
    pages = {492--499},
    doi = {10.1109/ICCAD.1995.480162},
    keywords = {VLSI, high-density microelectronic devices, integr}
}

@article{Contreras2005PowerEvents,
    title = {{Power Prediction for Intel XScale Processors using Performance Monitoring Unit Events}},
    year = {2005},
    journal = {ISLPED '05. Proceedings of the 2005 International Symposium on Low Power Electronics and Design, 2005.},
    author = {Contreras, G. and Martonosi, M.},
    pages = {221--226},
    isbn = {1-59593-137-6},
    doi = {10.1109/LPE.2005.195518},
    issn = {15334678},
    keywords = {CPU power consumption, Counting circuits, Dynamic voltage scaling, Energy consumption, Frequency estimation, Hardware, Intel PXA255 processor, Intel XScale{\textregistered} processor, Java, Java CDC programming, Java CLDC programming, Monitoring, Parameter estimation, Runtime, SPEC2000 programming, Testing, dynamic voltage/frequency scaling environment, embedded systems, hardware performance counter, linear power estimation model, memory power consumption, microprocessor chips, parameter estimation, parameter estimation technique, performance evaluation, performance monitoring unit event, power consumption, power estimation scheme, power prediction, power weight, power-aware embedded system, run-time CPU}
}

@inproceedings{Contreras2005PowerEventsb,
    title = {{Power Prediction for Intel XScale/spl reg/ Processors using Performance Monitoring Unit Events}},
    year = {2005},
    booktitle = {ISLPED '05. Proceedings of the 2005 International Symposium on Low Power Electronics and Design, 2005.},
    author = {Contreras, G. and Martonosi, M.},
    pages = {221--226},
    publisher = {IEEE},
    isbn = {1-59593-137-6},
    doi = {10.1109/LPE.2005.195518}
}

@article{Fan2007PowerComputer,
    title = {{Power Provisioning for a Warehouse-sized Computer}},
    year = {2007},
    journal = {ACM SIGARCH Computer Architecture News},
    author = {Fan, Xiaobo and Weber, Wolf-Dietrich and Barroso, Luiz Andre},
    number = {2},
    pages = {13},
    volume = {35},
    isbn = {9781595937063},
    doi = {10.1145/1273440.1250665},
    issn = {01635964},
    pmid = {25246403},
    arxivId = {arXiv:1006.1401v2}
}

@inproceedings{Fan2007PowerComputerb,
    title = {{Power Provisioning for a Warehouse-sized Computer}},
    year = {2007},
    booktitle = {Proceedings of the 34th annual international symposium on Computer architecture - ISCA '07},
    author = {Fan, Xiaobo and Weber, Wolf-Dietrich and Barroso, Luiz Andre and Fan, Xiaobo and Weber, Wolf-Dietrich and Barroso, Luiz Andre},
    number = {2},
    pages = {13},
    volume = {35},
    publisher = {ACM Press},
    address = {New York, New York, USA},
    isbn = {9781595937063},
    doi = {10.1145/1250662.1250665},
    issn = {0163-5964},
    keywords = {energy efficiency, power modeling, power provisioning}
}

@inproceedings{Vestal2007PreemptiveAssurance,
    title = {{Preemptive scheduling of multi-criticality systems with varying degrees of execution time assurance}},
    year = {2007},
    booktitle = {Proceedings - Real-Time Systems Symposium},
    author = {Vestal, Steve},
    isbn = {0769530621},
    doi = {10.1109/RTSS.2007.47},
    issn = {10528725}
}

@book{IEEEComputerSociety.ProceedingsEngineering.,
    title = {{Proceedings of the ... IEEE International Symposium on Requirements Engineering.}},
    author = {{IEEE Computer Society.}},
    publisher = {[IEEE Computer Society Press]},
    issn = {2332-6441}
}

@book{Ganzha2016ProceedingsPoland,
    title = {{Proceedings of the 2016 Federated Conference on Computer Science and Information Systems : September 11-14, 2016. Gdańsk, Poland}},
    year = {2016},
    author = {Ganzha, M. (Maria) and Maciaszek, Leszek and Paprzycki, Marcin and {Polish Information Processing Society} and {Institute of Electrical and Electronics Engineers} and {Polish Information Processing Society. Mazovia Chapter} and {Institute of Electrical and Electronics Engineers. Region 8.} and {IEEE Poland Section.} and {IEEE Computational Intelligence Society. Poland Chapter.}},
    isbn = {9788360810903}
}

@article{Carr2004PrototypingApproaches,
    title = {{Prototyping and Software Development Approaches}},
    year = {2004},
    journal = {Prototyping and Software Development Approaches},
    author = {Carr, Mahil and Verner, June}
}

@inproceedings{Hocking2016ProvingModels,
    title = {{Proving Critical Properties of Simulink Models}},
    year = {2016},
    booktitle = {Proceedings of IEEE International Symposium on High Assurance Systems Engineering},
    author = {Hocking, Ashlie B. and Aiello, M. Anthony and Knight, John C. and Ar{\'{e}}chiga, Nikos},
    isbn = {9781467399128},
    doi = {10.1109/HASE.2016.38},
    issn = {15302059},
    keywords = {Cyber-physical systems, PVS, Simulink, formal verification, model-based-development}
}

@misc{Ritchie2014QualitativeResearchers,
    title = {{Qualitative Research Practice: A Guide for Social Science Students and Researchers}},
    year = {2014},
    booktitle = {Qualitative Research},
    author = {Ritchie, Jane and Lewis, Jane},
    isbn = {9780761971108},
    doi = {10.4135/9781452230108},
    issn = {00282162},
    pmid = {2314503},
    arxivId = {arXiv:1011.1669v3}
}

@incollection{Bouajjani1997ReachabilityModel-checking,
    title = {{Reachability analysis of pushdown automata: Application to model-checking}},
    year = {1997},
    author = {Bouajjani, Ahmed and Esparza, Javier and Maler, Oded},
    pages = {135--150},
    url = {http://link.springer.com/10.1007/3-540-63141-0_10},
    doi = {10.1007/3-540-63141-0{\_}10}
}

@incollection{Kong2018ReachableTubes,
    title = {{Reachable Set Over-Approximation for Nonlinear Systems Using Piecewise Barrier Tubes}},
    year = {2018},
    author = {Kong, Hui and Bartocci, Ezio and Henzinger, Thomas A.},
    pages = {449--467},
    url = {http://link.springer.com/10.1007/978-3-319-96145-3_24},
    doi = {10.1007/978-3-319-96145-3{\_}24}
}

@misc{Sha2004RealPerspective,
    title = {{Real time scheduling theory: A historical perspective}},
    year = {2004},
    booktitle = {Real-Time Systems},
    author = {Sha, Lui and Abdelzaher, Tarek and {\AA}rz{\'{e}}n, Karl Erik and Cervin, Anton and Baker, Theodore and Burns, Alan and Buttazzo, Giorgio and Caccamo, Marco and Lehoczky, John and Mok, Aloysius K.},
    isbn = {0922-6443},
    doi = {10.1023/B:TIME.0000045315.61234.1e},
    issn = {09226443},
    pmid = {14985640},
    arxivId = {arXiv:1112.2903v1},
    keywords = {Dynamic-priority scheduling, Earliest dead-line first, Feedback, Fixed-priority scheduling, Hard real-time, New challenges, Rate-monotonic scheduling, Scheduling models, Soft real-time}
}

@inproceedings{Kramer2015RealFree,
    title = {{Real World Automotive Benchmarks for Free}},
    year = {2015},
    booktitle = {6th International Workshop on Analysis Tools and Methodologies for Embedded and Real-time Systems (WATERS)},
    author = {Kramer, Simon and Ziegenbein, Dirk and Hamann, Arne},
    keywords = {automotive software, benchmarks, timing analysis}
}

@inproceedings{Konrad2005Real-timePatterns,
    title = {{Real-time specification patterns}},
    year = {2005},
    booktitle = {Proceedings of the 27th international conference on Software engineering  - ICSE '05},
    author = {Konrad, Sascha and Cheng, Betty H. C.},
    pages = {372},
    publisher = {ACM Press},
    url = {http://portal.acm.org/citation.cfm?doid=1062455.1062526},
    address = {New York, New York, USA},
    isbn = {1595939632},
    doi = {10.1145/1062455.1062526}
}

@inproceedings{Konrad2005Real-timePatternsb,
    title = {{Real-time specification patterns}},
    year = {2005},
    booktitle = {Proceedings of the 27th international conference on Software engineering  - ICSE '05},
    author = {Konrad, Sascha and Cheng, Betty H. C.},
    isbn = {1595939632},
    doi = {10.1145/1062455.1062526},
    issn = {0270-5257}
}

@book{IEEEComputerSocietyTechnicalCommitteeonReal-TimeSystems2008Real-TimeProceedings,
    title = {{Real-Time Systems Symposium, 2008 RTSS 2008 ; Nov. 30, 2008 - Dec. 3, 2008, Barcelona, Spain ; proceedings}},
    year = {2008},
    author = {{IEEE Computer Society Technical Committee on Real-Time Systems} and {IEEE Real-Time Systems Symposium 29 2008.11.30-12.03 Barcelona} and {RTSS 29 2008.11.30-12.03 Barcelona}},
    publisher = {IEEE},
    url = {http://www.diva-portal.org/smash/record.jsf?pid=diva2%3A1003533&dswid=496},
    isbn = {9781424436545}
}

@book{IEEEComputerSocietyTechnicalCommitteeonReal-TimeSystems2008Real-TimeProceedingsb,
    title = {{Real-Time Systems Symposium, 2008 RTSS 2008 ; Nov. 30, 2008 - Dec. 3, 2008, Barcelona, Spain ; proceedings}},
    year = {2008},
    author = {{IEEE Computer Society Technical Committee on Real-Time Systems} and {IEEE Real-Time Systems Symposium 29 2008.11.30-12.03 Barcelona} and {RTSS 29 2008.11.30-12.03 Barcelona}},
    publisher = {IEEE},
    url = {http://www.diva-portal.org/smash/record.jsf?pid=diva2%3A1003533&dswid=7732},
    isbn = {9781424436545}
}

@inproceedings{Filipovikj2014ReassessingDomain,
    title = {{Reassessing the pattern-based approach for formalizing requirements in the automotive domain}},
    year = {2014},
    booktitle = {2014 IEEE 22nd International Requirements Engineering Conference (RE)},
    author = {Filipovikj, Predrag and Nyberg, Mattias and Rodriguez-Navas, Guillermo},
    month = {8},
    pages = {444--450},
    publisher = {IEEE},
    url = {http://ieeexplore.ieee.org/document/6912296/},
    isbn = {978-1-4799-3033-3},
    doi = {10.1109/RE.2014.6912296}
}

@article{Das2016RecentSurvey,
    title = {{Recent advances in differential evolution – An updated survey}},
    year = {2016},
    journal = {Swarm and Evolutionary Computation},
    author = {Das, Swagatam and Mullick, Sankha Subhra and Suganthan, P.N.},
    month = {4},
    pages = {1--30},
    volume = {27},
    publisher = {Elsevier},
    url = {https://www.sciencedirect.com/science/article/pii/S2210650216000146},
    doi = {10.1016/J.SWEVO.2016.01.004},
    issn = {2210-6502}
}

@book{Birolini2017ReliabilityPractice,
    title = {{Reliability Engineering: Theory and Practice}},
    year = {2017},
    author = {Birolini, Alessandro},
    publisher = {Springer},
    url = {http://dx.doi.org/10.1007/978-3-662-05409-3},
    isbn = {978-3-662-05409-3},
    doi = {10.1007/978-3-662-05409-3}
}

@book{Hull2011RequirementsEngineering,
    title = {{Requirements Engineering}},
    year = {2011},
    author = {Hull, Elizabeth and Jackson, Ken and Dick, Jeremy},
    publisher = {Springer London},
    url = {http://link.springer.com/10.1007/978-1-84996-405-0},
    address = {London},
    isbn = {978-1-84996-404-3},
    doi = {10.1007/978-1-84996-405-0}
}

@book{2014RequirementsInternational.,
    title = {{Requirements Engineering Conference (RE), 2014 IEEE 22nd International.}},
    year = {2014},
    publisher = {[publisher not identified]},
    isbn = {9781479930319}
}

@inproceedings{Sikora2011RequirementsNeeds,
    title = {{Requirements engineering for embedded systems: An investigation of industry needs}},
    year = {2011},
    booktitle = {Lecture Notes in Computer Science (including subseries Lecture Notes in Artificial Intelligence and Lecture Notes in Bioinformatics)},
    author = {Sikora, Ernst and Tenbergen, Bastian and Pohl, Klaus},
    isbn = {9783642198571},
    doi = {10.1007/978-3-642-19858-8{\_}16},
    issn = {03029743},
    keywords = {Embedded Systems, Industry Survey, Requirements Models, System Complexity}
}

@article{Martins2017RequirementsChallenges,
    title = {{Requirements Engineering for Safety-Critical Systems: Overview and Challenges}},
    year = {2017},
    journal = {IEEE Software},
    author = {Martins, Luiz Eduardo G. and Gorschek, Tony},
    number = {4},
    pages = {49--57},
    volume = {34},
    url = {http://ieeexplore.ieee.org/document/7974683/},
    doi = {10.1109/MS.2017.94},
    issn = {0740-7459}
}

@book{Laplante2017RequirementsEdition,
    title = {{Requirements Engineering for Software and Systems, Third Edition}},
    year = {2017},
    author = {Laplante, Phillip A.},
    month = {10},
    publisher = {Auerbach Publications},
    url = {https://www.taylorfrancis.com/books/9781315303710},
    isbn = {9781315303710},
    doi = {10.1201/9781315303710}
}

@article{Weber2002RequirementsChallenges,
    title = {{Requirements engineering in automotive development-experiences and challenges}},
    year = {2002},
    journal = {Proceedings of the IEEE International Conference on Requirements Engineering},
    author = {Weber, Matthias and Weisbrod, Joachim},
    isbn = {0769514650},
    doi = {10.1109/ICRE.2002.1048546},
    issn = {1090705X},
    pmid = {1009704800573817049},
    keywords = {Application software, Automotive engineering, Consumer electronics, Content management, Samarium, Software systems, Telematics, Testing, Vehicle safety, Vehicles}
}

@book{IEEEXploreOnlineserviceRequirementsConference.,
    title = {{Requirements Engineering, IEEE International Conference.}},
    author = {{IEEE Xplore (Online service)}},
    publisher = {[publisher not identified]},
    issn = {1090-705X}
}

@article{Palomares2017RequirementsSurvey,
    title = {{Requirements reuse and requirement patterns: a state of the practice survey}},
    year = {2017},
    journal = {Empirical Software Engineering},
    author = {Palomares, Cristina and Quer, Carme and Franch, Xavier},
    number = {6},
    month = {12},
    pages = {2719--2762},
    volume = {22},
    url = {http://link.springer.com/10.1007/s10664-016-9485-x},
    doi = {10.1007/s10664-016-9485-x},
    issn = {1382-3256}
}

@inproceedings{Mahmud2015ReSA:Systems,
    title = {{ReSA: An ontology-based requirement specification language tailored to automotive systems}},
    year = {2015},
    booktitle = {2015 10th IEEE International Symposium on Industrial Embedded Systems, SIES 2015 - Proceedings},
    author = {Mahmud, Nesredin and Seceleanu, Cristina and Ljungkrantz, Oscar},
    pages = {1--10},
    isbn = {9781467377119},
    doi = {10.1109/SIES.2015.7185035},
    issn = {2150-3109},
    keywords = {Automotive engineering, Grammar, Natural languages, Ontologies, Semantics, Syntactics, Vehicles}
}

@book{Creswell2014ResearchApproaches,
    title = {{Research Design: Qualitative, Quantitative, and Mixed Methods Approaches}},
    year = {2014},
    booktitle = {Research design Qualitative quantitative and mixed methods approaches},
    author = {Creswell, J W},
    isbn = {9781452274614},
    doi = {10.1007/s13398-014-0173-7.2},
    issn = {13514180},
    pmid = {15991970},
    arxivId = {arXiv:1011.1669v3}
}

@inproceedings{Baruah2011Response-timeSystems,
    title = {{Response-time analysis for mixed criticality systems}},
    year = {2011},
    booktitle = {Proceedings - Real-Time Systems Symposium},
    author = {Baruah, S. K. and Burns, A. and Davis, R. I.},
    isbn = {9780769545912},
    doi = {10.1109/RTSS.2011.12},
    issn = {10528725}
}

@inproceedings{IsciRuntimeData,
    title = {{Runtime power monitoring in high-end processors: methodology and empirical data}},
    booktitle = {22nd Digital Avionics Systems Conference. Proceedings (Cat. No.03CH37449)},
    author = {Isci, C. and Martonosi, M.},
    pages = {93--104},
    publisher = {IEEE Comput. Soc},
    isbn = {0-7695-2043-X},
    doi = {10.1109/MICRO.2003.1253186}
}

@incollection{Havelund2008RuntimePrograms,
    title = {{Runtime Verification of C Programs}},
    year = {2008},
    author = {Havelund, Klaus},
    pages = {7--22},
    url = {http://link.springer.com/10.1007/978-3-540-68524-1_3},
    doi = {10.1007/978-3-540-68524-1{\_}3}
}

@article{Pajic2014Safety-criticalTool,
    title = {{Safety-critical medical device development using the UPP2SF model translation tool}},
    year = {2014},
    journal = {ACM Transactions on Embedded Computing Systems},
    author = {Pajic, Miroslav and Jiang, Zhihao and Lee, Insup and Sokolsky, Oleg and Mangharam, Rahul},
    number = {4s},
    month = {4},
    pages = {1--26},
    volume = {13},
    url = {http://dl.acm.org/citation.cfm?doid=2601432.2584651},
    doi = {10.1145/2584651},
    issn = {15399087}
}

@article{Wernli2008SALAForecasts,
    title = {{SAL—A Novel Quality Measure for the Verification of Quantitative Precipitation Forecasts}},
    year = {2008},
    journal = {Monthly Weather Review},
    author = {Wernli, Heini and Paulat, Marcus and Hagen, Martin and Frei, Christoph},
    number = {11},
    month = {11},
    pages = {4470--4487},
    volume = {136},
    url = {http://journals.ametsoc.org/doi/abs/10.1175/2008MWR2415.1},
    doi = {10.1175/2008MWR2415.1},
    issn = {0027-0644}
}

@article{Heitmeyer1995SCR:Requirements,
    title = {{SCR: a toolset for specifying and analyzing requirements}},
    year = {1995},
    journal = {COMPASS '95 Proceedings of the Tenth Annual Conference on Computer Assurance Systems Integrity, Software Safety and Process Security'},
    author = {Heitmeyer, C. and Bull, a. and Gasarch, C. and Labaw, B.},
    isbn = {0-7803-2680-2},
    doi = {10.1109/CMPASS.1995.521891},
    issn = {03029743}
}

@article{Pelletier1986Seventy-fiveProvers,
    title = {{Seventy-five problems for testing automatic theorem provers}},
    year = {1986},
    journal = {Journal of Automated Reasoning},
    author = {Pelletier, Francis Jeffry},
    number = {2},
    month = {6},
    pages = {191--216},
    volume = {2},
    url = {http://link.springer.com/10.1007/BF02432151},
    doi = {10.1007/BF02432151},
    issn = {0168-7433}
}

@article{Leitner2008SimulinkStudy,
    title = {{Simulink Design Verifier vs. SPIN a Comparative Case Study}},
    year = {2008},
    journal = {Proceedings of FMICS},
    author = {Leitner, Florian and Leue, Stefan}
}

@book{Filipovikj2016SimulinkSystems,
    title = {{Simulink to UPPAAL statistical model checker: Analyzing automotive industrial systems}},
    year = {2016},
    booktitle = {Lecture Notes in Computer Science (including subseries Lecture Notes in Artificial Intelligence and Lecture Notes in Bioinformatics)},
    author = {Filipovikj, P. and Mahmud, N. and Marinescu, R. and Seceleanu, C. and Ljungkrantz, O. and L{\"{o}}nn, H.},
    number = {},
    volume = {9995 LNCS},
    isbn = {9783319489889},
    doi = {10.1007/978-3-319-48989-6{\_}46},
    issn = {16113349}
}

@techreport{AUTOSAR2017SoftwareTemplate,
    title = {{Software Component Template}},
    year = {2017},
    author = {{AUTOSAR}},
    pages = {1075},
    publisher = {AUTOSAR},
    url = {https://www.autosar.org/fileadmin/user_upload/standards/classic/4-3/AUTOSAR_TPS_SoftwareComponentTemplate.pdf},
    institution = {AUTOSAR},
    keywords = {4.3.1}
}

@incollection{Dubey2018SoftwareDevelopment,
    title = {{Software Development}},
    year = {2018},
    author = {Dubey, SatyaKesh and Narang, Naina and Negi, Parmendra Singh and Ojha, Vijay Narain},
    pages = {25--34},
    url = {http://link.springer.com/10.1007/978-981-10-6280-3_4},
    doi = {10.1007/978-981-10-6280-3{\_}4}
}

@incollection{Dubey2018SoftwareDevelopmentb,
    title = {{Software Development}},
    year = {2018},
    author = {Dubey, SatyaKesh and Narang, Naina and Negi, Parmendra Singh and Ojha, Vijay Narain},
    pages = {25--34},
    url = {http://link.springer.com/10.1007/978-981-10-6280-3_4},
    doi = {10.1007/978-981-10-6280-3{\_}4}
}

@article{Barros-Justo2018SoftwareStudy,
    title = {{Software patterns and requirements engineering activities in real-world settings: A systematic mapping study}},
    year = {2018},
    journal = {Computer Standards {\&} Interfaces},
    author = {Barros-Justo, José L. and Benitti, Fabiane B.V. and Cravero-Leal, Ania L.},
    month = {5},
    pages = {23--42},
    volume = {58},
    url = {https://linkinghub.elsevier.com/retrieve/pii/S0920548917303173},
    doi = {10.1016/j.csi.2017.12.001},
    issn = {09205489}
}

@article{Barros-Justo2018SoftwareStudyb,
    title = {{Software patterns and requirements engineering activities in real-world settings: A systematic mapping study}},
    year = {2018},
    journal = {Computer Standards {\&} Interfaces},
    author = {Barros-Justo, José L. and Benitti, Fabiane B.V. and Cravero-Leal, Ania L.},
    month = {5},
    pages = {23--42},
    volume = {58},
    url = {https://linkinghub.elsevier.com/retrieve/pii/S0920548917303173},
    doi = {10.1016/j.csi.2017.12.001},
    issn = {09205489}
}

@incollection{Dubrova2013SoftwareRedundancy,
    title = {{Software Redundancy}},
    year = {2013},
    booktitle = {Fault-Tolerant Design},
    author = {Dubrova, Elena},
    pages = {157--179},
    publisher = {Springer New York},
    url = {http://link.springer.com/10.1007/978-1-4614-2113-9_7},
    address = {New York, NY},
    doi = {10.1007/978-1-4614-2113-9{\_}7}
}

@article{Goel1985SoftwareApplicability,
    title = {{Software Reliability Models: Assumptions, Limitations, and Applicability}},
    year = {1985},
    journal = {IEEE Transactions on Software Engineering},
    author = {Goel, A.L.},
    number = {12},
    month = {12},
    pages = {1411--1423},
    volume = {SE-11},
    doi = {10.1109/TSE.1985.232177},
    issn = {0098-5589}
}

@inproceedings{Grimm2003SoftwareChallenges,
    title = {{Software technology in an automotive company - major challenges}},
    year = {2003},
    booktitle = {25th International Conference on Software Engineering, 2003. Proceedings.},
    author = {Grimm, K.},
    pages = {498--503},
    publisher = {IEEE},
    url = {http://ieeexplore.ieee.org/document/1201228/},
    isbn = {0-7695-1877-X},
    doi = {10.1109/ICSE.2003.1201228}
}

@inproceedings{Grimm2003SoftwareChallengesb,
    title = {{Software technology in an automotive company - major challenges}},
    year = {2003},
    booktitle = {25th International Conference on Software Engineering, 2003. Proceedings.},
    author = {Grimm, K.},
    pages = {498--503},
    publisher = {IEEE},
    url = {http://ieeexplore.ieee.org/document/1201228/},
    isbn = {0-7695-1877-X},
    doi = {10.1109/ICSE.2003.1201228}
}

@article{Sha1986SolutionsScheduling,
    title = {{Solutions for some practical problems in prioritized preemptive scheduling}},
    year = {1986},
    journal = {Proc. 7th IEEE Real-Time Systems Symposium, 1986},
    author = {Sha, L.},
    publisher = {IEEE Computer Society Press},
    url = {http://ci.nii.ac.jp/naid/80003373989/en/}
}

@misc{Sha1986SOLUTIONSSCHEDULING.,
    title = {{SOLUTIONS FOR SOME PRACTICAL PROBLEMS IN PRIORITIZED PREEMPTIVE SCHEDULING.}},
    year = {1986},
    author = {Sha, Lui Raymond and Lehoczky, John P. and Rajkumar, Ragunathan},
    pages = {181--191},
    publisher = {IEEE},
    url = {https://experts.illinois.edu/en/publications/solutions-for-some-practical-problems-in-prioritized-preemptive-s}
}

@article{Prakash1992SOS:Systems,
    title = {{SOS: Synthesis of application-specific heterogeneous multiprocessor systems}},
    year = {1992},
    journal = {Journal of Parallel and Distributed Computing},
    author = {Prakash, Shiv and Parker, Alice C.},
    number = {4},
    pages = {338--351},
    volume = {16},
    isbn = {978-1-55860-702-6},
    doi = {10.1016/0743-7315(92)90017-H},
    issn = {07437315}
}

@incollection{Bhatt2015SpatialPerspective,
    title = {{Spatial Computing for Design—an Artificial Intelligence Perspective}},
    year = {2015},
    booktitle = {Studying Visual and Spatial Reasoning for Design Creativity},
    author = {Bhatt, Mehul and Freksa, Christian},
    pages = {109--127},
    publisher = {Springer Netherlands},
    url = {http://link.springer.com/10.1007/978-94-017-9297-4_7},
    address = {Dordrecht},
    doi = {10.1007/978-94-017-9297-4{\_}7}
}

@article{Mahmud2017SpecificationLogic,
    title = {{Specification and semantic analysis of embedded systems requirements: From description logic to temporal logic}},
    year = {2017},
    journal = {Lecture Notes in Computer Science (including subseries Lecture Notes in Artificial Intelligence and Lecture Notes in Bioinformatics)},
    author = {Mahmud, N and Seceleanu, C and Ljungkrantz, O},
    isbn = {9783319661964},
    doi = {10.1007/978-3-319-66197-1{\_}21},
    issn = {03029743},
    keywords = {Computability and decidability; Computer circuits;, Description logic; Event-based semantics; Require, Embedded systems}
}

@techreport{AUTOSAR2018Specification4.2.2,
    title = {{Specification of Operating System AUTOSAR Release 4.2.2}},
    year = {2018},
    author = {{AUTOSAR}},
    url = {https://www.autosar.org/fileadmin/user_upload/standards/classic/4-2/AUTOSAR_SWS_OS.pdf},
    institution = {AUTOSAR},
    keywords = {AUTOSAR, Standardization}
}

@techreport{AUTOSAR2017SpecificationSoftware,
    title = {{Specification of RTE Software}},
    year = {2017},
    author = {{AUTOSAR}},
    pages = {1132},
    url = {https://www.autosar.org/fileadmin/user_upload/standards/classic/4-3/AUTOSAR_SWS_RTE.pdf},
    institution = {AUTOSAR},
    keywords = {Release 4.3.1}
}

@techreport{AUTOSAR2017SpecificationExtensions,
    title = {{Specification of Timing Extensions}},
    year = {2017},
    author = {{AUTOSAR}},
    pages = {219},
    url = {https://www.autosar.org/fileadmin/user_upload/standards/classic/4-3/AUTOSAR_TPS_TimingExtensions.pdf},
    institution = {AUTOSAR},
    keywords = {Release 4.3.1}
}

@incollection{Legay2016StatisticalLab,
    title = {{Statistical Model Checking of Simulink Models with Plasma Lab}},
    year = {2016},
    author = {Legay, Axel and Traonouez, Louis-Marie},
    pages = {259--264},
    publisher = {Springer, Cham},
    url = {http://link.springer.com/10.1007/978-3-319-29510-7_15},
    doi = {10.1007/978-3-319-29510-7{\_}15}
}

@incollection{Legay2010StatisticalOverview,
    title = {{Statistical Model Checking: An Overview}},
    year = {2010},
    author = {Legay, Axel and Delahaye, Benoît and Bensalem, Saddek},
    pages = {122--135},
    publisher = {Springer, Berlin, Heidelberg},
    url = {http://link.springer.com/10.1007/978-3-642-16612-9_11},
    doi = {10.1007/978-3-642-16612-9{\_}11}
}

@inproceedings{Alur2008SymbolicModels,
    title = {{Symbolic analysis for improving simulation coverage of Simulink/Stateflow models}},
    year = {2008},
    booktitle = {Proceedings of the 7th ACM international conference on Embedded software - EMSOFT '08},
    author = {Alur, Rajeev and Kanade, Aditya and Ramesh, S. and Shashidhar, K. C.},
    pages = {89},
    publisher = {ACM Press},
    url = {http://portal.acm.org/citation.cfm?doid=1450058.1450071},
    address = {New York, New York, USA},
    isbn = {9781605584683},
    doi = {10.1145/1450058.1450071}
}

@article{Myachykov2013SyntacticRussian,
    title = {{Syntactic flexibility and competition in sentence production: The case of English and Russian}},
    year = {2013},
    journal = {Quarterly Journal of Experimental Psychology},
    author = {Myachykov, Andriy and Scheepers, Christoph and Garrod, Simon and Thompson, Dominic and Fedorova, Olga},
    isbn = {1747-0226 (Electronic) 1747-0218 (Linking)},
    doi = {10.1080/17470218.2012.754910},
    issn = {17470218},
    pmid = {23286507},
    keywords = {Competition, English, Russian, Sentence production, Syntactic flexibility}
}

@book{Fernandez2014SystemApproach,
    title = {{System Engineering and Automation An Interactive Educational Approach}},
    year = {2014},
    booktitle = {Igarss 2014},
    author = {Fernandez, Javier and Galindo, Cipriano and Garc{\'{i}}a, Inmaculada},
    isbn = {9780874216561},
    doi = {10.1007/s13398-014-0173-7.2},
    issn = {13514180},
    pmid = {15991970},
    arxivId = {arXiv:1011.1669v3},
    keywords = {high resolution images, research, risks management, sustainable reconstruction}
}

@book{InternationalOrganizationforStandardization.2011SystemsExigences.,
    title = {{Systems and software engineering : life cycle processes : requirements engineering = Ingénierie des systèmes et du logiciel : processus de cycle de vie : ingénierie des exigences.}},
    year = {2011},
    author = {{International Organization for Standardization.} and {International Electrotechnical Commission.} and {Institute of Electrical and Electronics Engineers.} and {IEEE-SA Standards Board.}},
    pages = {83},
    publisher = {ISO},
    isbn = {9780738165912}
}

@article{InternationalOrganizationforStandardization.2011SystemsExigences.b,
    title = {{Systems and software engineering : life cycle processes : requirements engineering = Ingénierie des systèmes et du logiciel : processus de cycle de vie : ingénierie des exigences.}},
    year = {2011},
    author = {{International Organization for Standardization.} and {International Electrotechnical Commission.} and {Institute of Electrical and Electronics Engineers.} and {IEEE-SA Standards Board.}},
    pages = {83},
    publisher = {ISO},
    isbn = {9780738165912}
}

@article{Surendran2012TechnologyLiterature,
    title = {{Technology Acceptance Model : A Survey of Literature}},
    year = {2012},
    journal = {International Journal of Business and Social Research},
    author = {Surendran, Priyanka},
    number = {4},
    pages = {175--178},
    volume = {2},
    isbn = {2164-2559},
    doi = {http://dx.doi.org/10.18533/ijbsr.v2i4.161},
    issn = {18242454},
    keywords = {attitude, perceived ease of use, perceived usefulness, technology acceptance model}
}

@article{Baader2010TheApplications,
    title = {{The Description Logic Handbook: Theory, Implementation and Applications}},
    year = {2010},
    journal = {Kybernetes},
    author = {Baader, Franz and Calvanese, Diego and McGuinness, Deborah L. and Nardi, Daniele and Patel-Schneider, Peter F.},
    isbn = {0521150116},
    doi = {10.1108/k.2003.06732iae.006},
    issn = {0368-492X},
    pmid = {15537216},
    arxivId = {1112.3142v1}
}

@article{Sjberg2007TheResearch,
    title = {{The Future of Empirical Methods in Software Engineering Research}},
    year = {2007},
    journal = {Future of Software Engineering FOSE 07},
    author = {Sj{\o}berg, Dag I K and Dyb{\aa}, Tore and J{\o}rgensen, Magne},
    number = {1325},
    month = {5},
    pages = {358--378},
    publisher = {IEEE},
    url = {http://ieeexplore.ieee.org/document/4221632/ http://dx.doi.org/10.1109/FOSE.2007.30},
    isbn = {0769528295},
    doi = {10.1109/FOSE.2007.30},
    issn = {00985589}
}

@book{Clark2010TheProcessing,
    title = {{The Handbook of Computational Linguistics and Natural Language Processing}},
    year = {2010},
    booktitle = {Blackwell Handbooks in Linguistics},
    author = {Clark, Alexander and Fox, Chris and Lappin, Shalom},
    isbn = {978-1-4051-5581-6},
    pmid = {16069105}
}

@article{MacDonald1994TheResolution.,
    title = {{The lexical nature of syntactic ambiguity resolution.}},
    year = {1994},
    journal = {Psychological Review},
    author = {MacDonald, Maryellen C. and Pearlmutter, Neal J. and Seidenberg, Mark S.},
    number = {4},
    pages = {676--703},
    volume = {101},
    url = {http://doi.apa.org/getdoi.cfm?doi=10.1037/0033-295X.101.4.676},
    doi = {10.1037/0033-295X.101.4.676},
    issn = {1939-1471}
}

@inproceedings{Inam2014ThePlatforms,
    title = {{The Multi-Resource Server for predictable execution on multi-core platforms}},
    year = {2014},
    booktitle = {Real-Time Technology and Applications - Proceedings},
    author = {Inam, R. and Mahmud, N. and Behnam, M. and Nolte, T. and Sj{\"{o}}din, M.},
    number = {October},
    volume = {2014-Octob},
    doi = {10.1109/RTAS.2014.6925986},
    issn = {10801812},
    keywords = {CPU resource, Linux, hierarchical scheduling, kernel, memory bandwidth, memory resource, real-time systems}
}

@inproceedings{Inam2014ThePlatformsb,
    title = {{The Multi-Resource Server for predictable execution on multi-core platforms}},
    year = {2014},
    booktitle = {Real-Time Technology and Applications - Proceedings},
    author = {Inam, Rafia and Mahmud, Nesredin and Behnam, Moris and Nolte, Thomas and Sj{\"{o}}din, Mikael},
    isbn = {978-1-4799-4829-1},
    doi = {10.1109/RTAS.2014.6925986},
    issn = {10801812},
    keywords = {CPU resource, Linux, hierarchical scheduling, kernel, memory bandwidth, memory resource, real-time systems}
}

@book{Denzin2005TheResearch,
    title = {{The SAGE Handbook of Qualitative Research}},
    year = {2005},
    booktitle = {The SAGE Handbook},
    author = {Denzin, Norman K. and Lincoln, Yvonna S.},
    pages = {784},
    url = {http://www.amazon.co.uk/SAGE-Handbook-Qualitative-Research/dp/1412974178},
    isbn = {0761927573},
    doi = {10.1017/CBO9781107415324.004},
    issn = {1098-6596},
    pmid = {25246403},
    arxivId = {arXiv:1011.1669v3}
}

@article{Denzin2000TheResearch,
    title = {{The Sage handbook of qualitative research}},
    year = {2000},
    journal = {(2nd ed), Thousand Oaks: Sage Publication Inc.},
    author = {Denzin, Norman K. and Lincoln, Yvonna S.},
    pages = {968},
    isbn = {9781483349800}
}

@incollection{McMillan1993TheSystem,
    title = {{The SMV System}},
    year = {1993},
    booktitle = {Symbolic Model Checking},
    author = {McMillan, Kenneth L.},
    pages = {61--85},
    publisher = {Springer US},
    url = {http://link.springer.com/10.1007/978-1-4615-3190-6_4},
    address = {Boston, MA},
    doi = {10.1007/978-1-4615-3190-6{\_}4}
}

@article{Ralph2018TheResearch,
    title = {{The two paradigms of software development research}},
    year = {2018},
    journal = {Science of Computer Programming},
    author = {Ralph, Paul},
    month = {5},
    pages = {68--89},
    volume = {156},
    url = {https://linkinghub.elsevier.com/retrieve/pii/S0167642318300030},
    doi = {10.1016/j.scico.2018.01.002},
    issn = {01676423}
}

@article{Ralph2018TheResearchb,
    title = {{The two paradigms of software development research}},
    year = {2018},
    journal = {Science of Computer Programming},
    author = {Ralph, Paul},
    month = {5},
    pages = {68--89},
    volume = {156},
    url = {https://linkinghub.elsevier.com/retrieve/pii/S0167642318300030},
    doi = {10.1016/j.scico.2018.01.002},
    issn = {01676423}
}

@incollection{Alur1999TimedAutomata,
    title = {{Timed Automata}},
    year = {1999},
    author = {Alur, Rajeev},
    pages = {8--22},
    url = {http://link.springer.com/10.1007/3-540-48683-6_3},
    doi = {10.1007/3-540-48683-6{\_}3}
}

@inproceedings{Barnat2012ToolDesigns,
    title = {{Tool chain to support automated formal verification of avionics simulink designs}},
    year = {2012},
    booktitle = {Lecture Notes in Computer Science (including subseries Lecture Notes in Artificial Intelligence and Lecture Notes in Bioinformatics)},
    author = {Barnat, Jiri and Beran, Jan and Brim, Lubos and Kratochv{\'{i}}la, Tomas and Ro{\v{c}}kai, Petr},
    isbn = {9783642324680},
    doi = {10.1007/978-3-642-32469-7{\_}6},
    issn = {03029743}
}

@incollection{Meenakshi2006ToolChecker,
    title = {{Tool for Translating Simulink Models into Input Language of a Model Checker}},
    year = {2006},
    author = {Meenakshi, B. and Bhatnagar, Abhishek and Roy, Sudeepa},
    pages = {606--620},
    publisher = {Springer, Berlin, Heidelberg},
    url = {http://link.springer.com/10.1007/11901433_33},
    doi = {10.1007/11901433{\_}33}
}

@article{Liu2016TopologyOptimization,
    title = {{Topology selection for particle swarm optimization}},
    year = {2016},
    journal = {Information Sciences},
    author = {Liu, Qunfeng and Wei, Wenhong and Yuan, Huaqiang and Zhan, Zhi Hui and Li, Yun},
    doi = {10.1016/j.ins.2016.04.050},
    issn = {00200255},
    keywords = {Algorithm design, Data profile, Particle swarm optimization, Topology selection}
}

@book{OreganUndergraduateScience,
    title = {{Undergraduate Topics in Computer Science}},
    author = {O'regan, Gerard},
    url = {http://www.springer.com/series/7592}
}

@article{Bulychev2012UPPAAL-SMC:Automata,
    title = {{UPPAAL-SMC: Statistical Model Checking for Priced Timed Automata}},
    year = {2012},
    journal = {Electronic Proceedings in Theoretical Computer Science},
    author = {Bulychev, Peter and David, Alexandre and Larsen, Kim Gulstrand and Miku{\v{c}}ionis, Marius and B{\o}gsted Poulsen, Danny and Legay, Axel and Wang, Zheng},
    doi = {10.4204/EPTCS.85.1},
    issn = {2075-2180},
    arxivId = {1207.1272}
}

@inproceedings{Jiang2016UsePractice,
    title = {{Use runtime verification to improve the quality of medical care practice}},
    year = {2016},
    booktitle = {Proceedings of the 38th International Conference on Software Engineering Companion - ICSE '16},
    author = {Jiang, Yu and Liu, Han and Kong, Hui and Wang, Rui and Hosseini, Mohammad and Sun, Jiaguang and Sha, Lui},
    pages = {112--121},
    publisher = {ACM Press},
    url = {http://dl.acm.org/citation.cfm?doid=2889160.2889233},
    address = {New York, New York, USA},
    isbn = {9781450342056},
    doi = {10.1145/2889160.2889233}
}

@inproceedings{Cobleigh2006UserSpecifications,
    title = {{User guidance for creating precise and accessible property specifications}},
    year = {2006},
    booktitle = {Proceedings of the 14th ACM SIGSOFT international symposium on Foundations of software engineering  - SIGSOFT '06/FSE-14},
    author = {Cobleigh, Rachel L. and Avrunin, George S. and Clarke, Lori A.},
    pages = {208},
    publisher = {ACM Press},
    url = {http://portal.acm.org/citation.cfm?doid=1181775.1181801},
    address = {New York, New York, USA},
    isbn = {1595934685},
    doi = {10.1145/1181775.1181801}
}

@article{Schuler2005VerbNet:Lexicon,
    title = {{VerbNet: A Broad-Coverage, Comprehensive Verb Lexicon}},
    year = {2005},
    journal = {Dissertation Abstracts International, B: Sciences and Engineering},
    author = {Schuler, Karin Kipper},
    number = {6},
    volume = {66},
    isbn = {0-542-20049-X},
    doi = {10.1016/B978-012397720-5.50034-7},
    issn = {04194217},
    pmid = {12391568},
    arxivId = {arXiv:1011.1669v3}
}

@techreport{AUTOSAR2017VirtualBus,
    title = {{Virtual Functional Bus}},
    year = {2017},
    author = {{AUTOSAR}},
    pages = {104},
    url = {https://www.autosar.org/fileadmin/user_upload/standards/classic/4-3/AUTOSAR_EXP_VFB.pdf},
    institution = {AUTOSAR},
    keywords = {4.3.1}
}

@incollection{Schwitter2008WorkingLanguage,
    title = {{Working for Two: A Bidirectional Grammar for a Controlled Natural Language}},
    year = {2008},
    author = {Schwitter, Rolf},
    pages = {168--179},
    url = {http://link.springer.com/10.1007/978-3-540-89378-3_17},
    doi = {10.1007/978-3-540-89378-3{\_}17}
}

@inproceedings{DeMoura2008Z3:Solver,
    title = {{Z3: An efficient SMT Solver}},
    year = {2008},
    booktitle = {Lecture Notes in Computer Science (including subseries Lecture Notes in Artificial Intelligence and Lecture Notes in Bioinformatics)},
    author = {De Moura, Leonardo and Bj{\o}rner, Nikolaj},
    isbn = {3540787992},
    doi = {10.1007/978-3-540-78800-3{\_}24},
    issn = {03029743}
}